@InProceedings{mobile-localization,
  author = "Swati Rallapalli and Lili Qiu and Yin Zhang and Yi-Chao Chen",
  title = "Exploiting Temporal Stability and Low-Rank Structure for Localization in Mobile Networks",
  booktitle = "Proc. of ACM MobiCom",
  year = "2010",
}

@article{convergence,
  title = "Parallel Multi-Block {ADMM} with o(1/k) convergence",
  author = "Wei Deng and Ming-Jun Lai and Zhimin Peng and Wotao Yin",
  journal = "UCLA CAM 13-64",
  year = "2014",
}  

@misc{adm,
 key = "ADM",
 title = "Augmented Lagrangian Method",
 note = "\url{http://en.wikipedia.org/wiki/Augmented_Lagrangian_method}",
}

@misc{lag-multiplier,
 title = "Lagrange Multiplier",
 note = "\url{http://en.wikipedia.org/wiki/Lagrange_multiplier}",
}

@InProceedings{gravity1,
 author = "J. Kowalski and B. Warfield",
 title = "Modeling traffic demand between nodes in a telecommunications network",
 booktitle = "Proc. of ATNAC",
 year = "1995",
} 

@InProceedings{gravity2,
 author = "M. Roughan and A. Greenberg and C. Kalmanek and M. Rumsewicz and J. Yates and Y. Zhang",
 title = "Experience in measuring backbone traffic variability: Models, metrics, measurements and meaning (extended abstract)",
 booktitle = "Proc. of IMW",
 year = "2002",
} 

@misc{UMich-RSS,
  key = "UMich RSS",
  title = "UMich {RSS}",
  note = "\url{http://crawdad.cs.dartmouth.edu/umich/rss/}",
}

@misc{UCSB-Meshnet,
  key = "UCSB Meshnet",
  title = "{UCSB} Meshnet",
  note = "\url{http://www.crawdad.org/ucsb/meshnet/}",
}  

@InProceedings{effective-snr,
  title = "Predictable 802.11 packet delivery from wireless channel measurements",
  author = "Daniel Halperin and Wenjun Hu and Anmol Sheth and David Wetherall",
  booktitle = "Proc. of SIGCOMM",
  year = "2010",
}  

@InProceedings{loss-infer1,
  author = "M. Coates",
  title = "Network loss inference using unicast end-to-end measurement",
  booktitle = "Proc. ITC Seminar on IP Traffic, Measurement, and Modeling",
  year = "2000",
}
@Book{hansen97:_illposed,
   author =       {Per Christian Hansen},
   title =        {Rank-Deficient and Discrete Ill-Posed Problems:
                   Numerical Aspects of Linear Inversion},
   publisher =    {{SIAM}},
   year =         1997
 }

 @misc{iwlagn,
  key = "iwlagn",
  title = "802.11n Channel Measurement Tool",
  note = "\url{http://ils.intel-research.net/projects/80211n-channel-measurement-tool}",
}

@article{802.11n-2009,
    key = "802.11n",
    author = "",
    title = "{LAN/MAN Standards Commmittee of the IEEE Computer Society}. {Part\
 11: Wireless LAN Medium Access Control and Physical Layer (PHY) Specifications\
}",
    journal = "{IEEE} Standard 802.11",
    year = "2009",
    note = "\url{http://standards.ieee.org/getieee802/download/802.11n-2009.pdf}",
}

@InProceedings{loss-infer2,
  author = "N. Duffield",
  title = "Inferring link loss using striped unicast probes",
  booktitle = "Proc. of IEEE INFOCOM",
  year = "2001",
}

@article{delay-infer,
  author = "Y. Tsang and M. Coates and R. D. Nowak",
  title = "Network Delay Tomography",
  journal = "IEEE Trans. Signal Processing",
  vol = "51(8)",
  year = "",
}

@InProceedings{netquest,
  author = "Han Hee Song and Lili Qiu and Yin Zhang",
  title = "NetQuest: A Flexible Framework for Large-Scale Network Measurement",
  booktitle = "In Proc. of ACM SIGMETRICS",
  month = "June",
  year = "2006",
}

@InProceedings{loss-infer3,
  author = "Venkata N. Padmanabhan and Lili Qiu and Helen Wang",
  title = "Server-based Inference of Internet Performance",
  booktitle = "In Proc. of IEEE INFOCOM",
  month = "March",
  year = "2003",
}

@MISC{RSSI1,
  author = {Claro Noda and Shashi Prabh and Mario Alves and Thiemo Voigt and Carlo Alberto Boano},
  title = {{CRAWDAD} data set  {Cister/RSSI} (v. 2012-05-17)}, 
  howpublished = {http://crawdad.cs.dartmouth.edu/cister/rssi/},
  year = 2005
}


@article{adm1,
  author = "D. Bertsekas",
  title = "Constrained Optimization and Lagrange Multiplier Method",
  journal = "Academic Press",
  year = "1982",
}

@InProceeding{adm2,
  title = "The Augmented Lagrange Multiplier Method for Exact Recovery of Corrupted Low-Rank Matrices",
  author = "Zhouchen Lin and Minming Chen and Yi Ma",
  booktitle = "Proc. of NIPS",
  year = "2011",
  note = "\url{http://decision.csl.illinois.edu/~yima/psfile/Lin09-MP.pdf}",
}

@article{adm3,
  title = "Alternating Direction Algorithms for ``$\ell_1$-Problems in Compressive Sensing",
  author = "Junfeng Yang and Yin Zhang",
  journal = "SIAM Journal on Scientific Computing",
  vol = "33(1)",
  month = "Feb.",
  year = "2011",
  note = "\url{http://www.caam.rice.edu/~yzhang/reports/tr0937.pdf}",
}  

@MISC{RSSI2,
  author = {Kevin Bauer and Damon McCoy and Dirk Grunwald and Douglas C. Sicker},
  title = {{CRAWDAD} data set  {CU/RSSI} (v. 2009-06-15)}, 
  howpublished = {http://crawdad.cs.dartmouth.edu/cu/rssi/},
  month = May, 
  year = 2009
}

@misc{RON, 
  key = "RON",
  title = "RON traces",
  note = "\url{http://nms.lcs.mit.edu/projects/ron/}",
}  

@misc{crawdad,
  key = "crawdad",
  title = "CRAWDAD",
  note = "\url{http://crawdad.cs.dartmouth.edu}",
}  


@InProceedings{Sherlock,
  author = "P. Bahl and R. Chandra and A. Greenberg and S. Kandula and D. A. Maltz and M. Zhang",
  title = "Towards highly reliable enterprise network services via inference of multi-level dependencies",
  booktitle = "Proc. of ACM SIGCOMM",
  year = "2007",
}

@InProceedings{WISE,
  author = "M. Tariq and A. Zeitoun and V. Valancius and N. Feamster and M. Ammar",
  title = "Answering what-if deployment and configuration questions with WISE",
  booktitle = "Proc. of ACM SIGCOMM",
  year = "2008",
}


@article{hill06:marketing,
  author = {Shawndra Hill and Foster Provost and Chris Volinsky},
  title = {Network-based marketing: Identifying likely adopters via consumer networks},
  journal = {Statistical Science},
  year = 2006,
}

@article{cortes02:coi,
  author = {Corinna Cortes and Daryl Pregibon and Chris T. Volinsky},
  title = {Communities of interest},
  journal = {Intelligent Data Analysis},
  year = 2002,
}

@inproceedings{yu06:sybilguard,
  author = {H. Yu and M. Kaminsky and P. B. Gibbons and A. Flaxman},
  title = {{SybilGuard}: Defending against {S}ybil attacks via social networks},
  booktitle = {Proc. of SIGCOMM},
  year = 2006,
}

@MISC{robustPCA,
  author = "E. J. Candes and X. Li and Y. Ma and J. Wright",
  title = "Robust Principal Component Analysis?",
  year = "2009",
  note = "Manuscript.  Available from \url{http://www-stat.stanford.edu/~candes/papers/RobustPCA.pdf}"
}

@Article{ZRLD05,
    author = "Y. Zhang and M. Roughan and C. Lund and D. Donoho", 
    title = "Estimating Point-to-Point and Point-to-Multipoint Traffic Matrices: An Information-Theoretic Approach",
    journal = "ACM/IEEE Transactions on Networking",
    volume = {13},
    number = {5},
    pages = {947--960},
    month = oct,
    year = "2005",
}
@article{bell07netflix,
    Author = {Robert M. Bell and Yehuda Koren and Chris Volinsky},
    Title = {Chasing \$1,000,000: How We Won The {N}etflix {P}rogress {P}rize},
    Journal = {Statistical Computing and Statistical Graphics Newsletter},
    Volume = {18},
    Number = {2},
    Pages = {4--12},
    Year = {2007},
}
@article{jin01structure,
    author = {Emily M. Jin and Michelle Girvan and M. E. J. Newman},
    title = {The structure of growing social networks},
    journal = {Physical Review Letters},
    year = {2001},
}


@article{barabasi02evolution,
    author = {A. L. Barabasi and H. Jeong and Z. N\'{e}da and E. Ravasz and A. Schubert and T. Vicsek},
    title = {Evolution of the social network of scientific collaboration},
    journal = {Physica A: Statistical Mechanics and its Application},
    year = {2002},
}
@inproceedings{mao04modeling,
    Address = {New York, NY, USA},
    Author = {Yun Mao and Lawrence K. Saul},
    Booktitle = {Proc. of IMC},
    Title = {Modeling distances in large-scale networks by matrix factorization},
    Year = {2004},}
@InProceedings{zhang09sensing,
  author = "Yin Zhang and Matthew Roughan and Walter Willinger and Lili Qiu",
  title = "Spatio-Temporal Compressive Sensing and {I}nternet Traffic Matrices",
  booktitle = "Proceedings of ACM SIGCOMM",
  year = "2009",
}
@ARTICLE{Chen98atomicdecomposition,
    author = {Scott Shaobing Chen and David L. Donoho and Michael and A. Saunders},
    title = {Atomic decomposition by basis pursuit},
    journal = {SIAM Journal on Scientific Computing},
    year = {1998},
    volume = {20},
    pages = {33--61},
}

@article{newman03structure,
    author = {M. E. J. Newman},
    title = {The structure and function of complex networks},
    journal = {SIAM Review},
    year = {2003},
}

@inproceedings{patel06:jetstream,
  author = {Jay A. Patel and Indranil Gupta and Noshir Contractor},
  title = {{JetStream}: Achieving Predictable Gossip Dissemination by Leveraging Social Network Principles},
  booktitle = {Proc. of IEEE Network Computing and Applications (NCA)},
  year = 2006,
}


@Misc{dneedell07norm,
  author = {Deanna Needell},
  title = {Non-Asymptotic Theory of Random Matrices.  {Lecture 6}: Norm of a Random Matrix},
  note = {Stanford Math 280 Lecture Notes.  Available at \url{http://www-stat.stanford.edu/~dneedell/lecs/lec6.pdf}},
  year = {2007},
}

@inproceedings{ng02,
   Author = {T.S. Eugene Ng and Hui Zhang},
   Title = {Predicting Internet Network Distance with Coordinate-Based Appoaches},
   Booktitle = {Proc. of INFOCOMM},
   Year = {2002}}

@article{davidsen02emergence,
    author = {J\"{o}rn Davidsen and Holger Ebel and Stefan Bornholdt},
    title = {Emergence of a small world from local interactions: Modeling acquaintance networks},
    journal = {Physical Review Letters},
    year = {2002},
}
@inproceedings{garriss06:re,
  author = {S. Garriss and M. Kaminsky and M. J. Freedman and B. Karp and D. Mazieres and H. Yu},
  title = {{RE: Reliable Email}},
  booktitle = {Proc. of Networked Systems Design and Implementation (NSDI)},
  year = 2006,
}

@inproceedings{mislove06:search,
  author = {A. Mislove and K. P. Gummadi and P. Druschel},
  title = {Exploiting social networks for {I}nternet search},
  booktitle = {Proc. of HotNets-V},
  year = 2006,
}

@Article{candes06:_compressive,
  author = 	 {Emmanuel Candes and Terence Tao},
  title = 	 {Near optimal signal recovery from random projections: Universal encoding strategies?},
  journal = 	 {IEEE Trans. on Information Theory},
  year = 	 2006,
  volume = 	 52,
  number = 	 12,
  pages = 	 {5406--5425}}

@Article{donoho06:_compr_sensin,
  author = 	 {David Donoho},
  title = 	 {Compressed sensing},
  journal = 	 {IEEE Trans. on Information Theory},
  year = 	 2006,
  volume = 	 52,
  number = 	 4,
  pages = 	 {1289--1306}}

@Article{Volinsky:netflix,
  author = 	 {Robert Bell and Yehuda Koren and Chris Volinksy},
  title = 	 {Chasing the \$1,000,000: How we won the {Netflix} progress prize.},
  journal = 	 {Statistical Computing and Graphics},
  year = 	 2007,
  volume = 	 18,
  number = 	 2,
  month = 	 {December}}

@Unpublished{candes:_exact_matrix,
  author = 	 {Emmanuel Candes and Benjamin Recht},
  title = 	 {Exact Matrix Completion Via Convex Optimization},
}

@Unpublished{recht:_guaran,
  author = 	 {Benjamin Recht and Maryam Fazel and Pablo A. Parrilo},
  title = 	 {Guaranteed Minimum Rank Solutions to Linear Matrix Equations via Nuclear Norm Minimization},
  note = 	 {preprint}}

@InProceedings{recht08:_nec,
  author = 	 {Benjamin Recht and Weiyu Xu and Babak Hassibi},
  title = 	 {Necessary and Sufficient Condtions for Success of the 
                  Nuclear Norm Heuristic for Rank Minimization.},
  booktitle = {47th IEEE Conference on Decision and Control},
  year = 	 2008,
  month = 	 {December}}

@InProceedings{lee00:_nmf,
  author = 	 {Daniel D. Lee and H. Sebastian Seung},
  title = 	 {Algorithms for non-negative matrix factorization},
  booktitle = {Proc. Neural Information Processing Systems (NIPS)},
  pages = 	 {556-562},
  year = 	 2000}

@InProceedings{mao04:_distance,
  author = 	 {Yun Mao and Lawrence K. Saul},
  title = 	 {Modeling Distances in Large-Scale Networks by Matrix Factorization},
  booktitle = {ACM SIGCOMM Internet Measurement Conference (IMC04)},
  pages = 	 {278-287},
  year = 	 2004}

@Article{norros94:_model,
  author = 	 {Ilkka Norros},
  title = 	 {A Storage Model with Self-Similar Input},
  journal = 	 {Queueing Systems},
  year = 	 1994,
  volume =	 16,
  pages =	 {387--396}
}

@Misc{abilene,
  title =	 {{The Abilene Observatory Data Collections}},
  howpublished = {\url{http://abilene.internet2.edu/observatory/data-collections.html}}
}

@InProceedings{zhang05:_anomoggraphy,
  author = 	 {Yin Zhang and Zihui Ge and Matthew Roughan and Albert Greenberg},
  title = 	 {Network Anomography},
  booktitle =	 {Proc. of IMC},
  year =	 2005,
  address =	 {Berkeley, CA, USA},
  month =	 {October}
}

@InProceedings{soule05:_traff_matric,
  author = 	 {Augustin Soule and Anukool Lakhina and Nina Taft and Konstantina Papagiannaki
                 and Kave Salamatian and Antonio Nucci and Mark Crovella and Christophe Diot},
  title = 	 {Traffic Matrices: Balancing Measurements, Inference and Modeling},
  booktitle = {ACM SIGMETRICS},
  pages = 	 {362--373},
  year = 	 2005}

@article{zhao06:_tm,
 author = {Qi Zhao and Zihui Ge and Jia Wang and Jun Xu},
 title = {Robust traffic matrix estimation with imperfect information: making use of multiple data sources},
 journal = {SIGMETRICS Perform. Eval. Rev.},
 volume = 34,
 number = 1,
 year = 2006,
 issn = {0163-5999},
 pages = {133--144},
 doi = {http://doi.acm.org/10.1145/1140103.1140294},
 publisher = {ACM},
 address = {New York, NY, USA},
 }

@inproceedings{erramill06:_indep,
  author = {Vijayi Erramilli and Mark Crovella and Nina Taft},
  title = {An independent-connection model for traffic matrices},
  booktitle = {ACM SIGCOMM Internet Measurement Conference (IMC06)},
  year = 2006,
  isbn = {1-59593-561-4},
  pages = {251--256},
  location = {Rio de Janeriro, Brazil},
  doi = {http://doi.acm.org/10.1145/1177080.1177111},
  publisher = {ACM},
  address = {New York, NY, USA},
}

@InProceedings{ringberg07:_sens,
  author = 	 {Haakon Ringberg and Augustin Soule and Jennifer Rexford and Christophe Diot},
  title = 	 {Sensitivity of {PCA} for Traffic Anomaly Detection},
  booktitle = {ACM SIGMETRICS},
  year = 	 2007,
  address = 	 {San Diego, CA},
  month = 	 {June}}

@Article{alderson06:_net,
  author = 	 {David Alderson and Hyunseok Chang and Matthew Roughan
                   and Steve Uhlig and Walter Willinger},
  title = 	 {The Many Facets of Internet Topology and Traffic},
  journal = 	 {Networks and Heterogeneous Media},
  year = 	 2006,
  volume =	 1,
  number =	 4,
  pages =	 {569--600},
  month =	 {December}
}

@Article{uhlig06:_provid,
  author = 	 {S. Uhlig and B. Quoitin and S. Balon and J. Lepropre},
  title = 	 {Providing public intradomain traffic matrices to the research community},
  journal = 	 {ACM SIGCOMM Computer Communication Review},
  year = 	 2006,
  volume =	 36,
  number =	 1,
  pages =	 {83--86},
  month =	 {January}
}

@Article{zhang05,
  author = 	 {Yin Zhang and Matthew Roughan and Carsten Lund and David Donoho},
  title = 	 {Estimating Point-to-Point and Point-to-Multipoint
                  Traffic Matrices: An Information-Theoretic Approach},
  journal = 	 {IEEE/ACM Transactions on Networking},
  year = 	 2005,
  volume =	 13,
  number =	 5,
  pages =	 {947--960},
  month =	 {October}
}

@Article{roughan05:_syn,
  author = 	 {Matthew Roughan},
  title = 	 {Simplifying the synthesis of {I}nternet traffic matrices},
  journal = 	 {SIGCOMM Computer Communications Review},
  year = 	 2005,
  volume =	 35,
  number =	 5,
  pages =	 {93-96},
  month =	 {October},
  annote =	 {(editorial)}
}

@InProceedings{lakhina04:_pca,
  author = 	 {Anukool Lakhina and Konstantina Papagiannaki and
                  Mark Crovella and Christophe Diot and Eric D. Kolaczyk and Nina Taft},
  title = 	 {Structural Analysis of Network Traffic Flows},
  booktitle = 	 {Proc. of ACM SIGMETRICS},
  year =	 2004
}

@Article{fortz02,
  author = 	 {Bernard Fortz and Mikkel Thorup},
  title = 	 {Optimizing {OSPF/IS-IS} Weights in a Changing World},
  journal = 	 {To appear in IEEE JSAC Special Issue on Advances in Fundamentals of Network Management},
  year = 	 {Spring 2002}
}

@InProceedings{roughan:2002a,
  author = 	 {Matthew Roughan and Joel Gottlieb},
  title = 	 {Large-scale Measurement and Modeling of Backbone {I}nternet Traffic},
  booktitle = 	 {SPIE ITCOM},
  year =	 {2002},
  address =	 {Boston, MA, USA}
}

@article{var:jasa96,
  author="Y. Vardi",
  title="Network Tomography",
  journal="Journal of the American Statistical Association",
  month="March",
  year="1996"}

@Article{feldmann01:_traf_matrices,
  author = 	 {Anja Feldmann and  Albert Greenberg and Carsten Lund and 
                  Nick Reingold and Jennifer Rexford and Fred True},
  title = 	 {Deriving traffic demands for operational {IP}
                  networks: Methodology and Experience},
  journal = 	 {IEEE/ACM Transactions on Networking},
  year = 	 2001,
  pages =	 {265--279},
  month =	 {June},
  annote =         {An earlier version appeared in Sigcomm'00}
}

@InProceedings{roughan03:_ospfb,
  author = 	 {Matthew Roughan and Mikkel Thorup and Yin Zhang},
  title = 	 {Traffic Engineering with Estimated Traffic Matrices},
  booktitle = 	 {ACM SIGCOMM Internet Measurement Conference (IMC)},
  address =	 {Miami Beach, FL, USA},
  pages =        {248--258},
  year =	 2003,
}

@Misc{intel_sensor,
  title = {Sensor data from Intel Berkeley Research Lab},
  howpublished = {\url{http://db.lcs.mit.edu/labdata/labdata.html}}
}

@inproceedings{P3CA,
  author = {Nagaraja, Shishir and Jalaparti, Virajith and Caesar, Matthew and Borisov, Nikita},
  booktitle = {Proc. of PETS},
  publisher = {Springer},
  title = {P3CA: Private Anomaly Detection Across {ISP} Networks.},
  volume = 6794,
  year = 2011,
}

@INPROCEEDINGS{decentralized_PCA,
  author = {Ling Huang and Xuanlong Nguyen and Minos Garofalakis and Joseph M. Hellerstein},
  title = {Communication-efficient online detection of network-wide anomalies},
  booktitle = {Proc. of IEEE INFOCOM},
  year = {2007},
}

@article{Wang:2002:model_spatio_temporal,
 author = {Wang, Mengzhi and Ailamaki, Anastassia and Faloutsos, Christos},
 title = {Capturing the Spatio-temporal Behavior of Real Traffic Data},
 journal = {Perform. Eval.},
 issue_date = {September 2002},
 volume = {49},
 number = {1-4},
 month = sep,
 year = {2002},
 issn = {0166-5316},
 pages = {147--163},
 numpages = {17},
 url = {http://dx.doi.org/10.1016/S0166-5316(02)00108-6},
 doi = {10.1016/S0166-5316(02)00108-6},
 acmid = {604673},
 publisher = {Elsevier Science Publishers B. V.},
 address = {Amsterdam, The Netherlands, The Netherlands},
 keywords = {entropy, locality, space-time correlation, spatio-temporal burstiness, traffic modeling},
} 

@inproceedings{George:2007:spatio_temporal_database,
 author = {George, Betsy and Kim, Sangho and Shekhar, Shashi},
 title = {Spatio-temporal Network Databases and Routing Algorithms: A Summary of Results},
 booktitle = {Proceedings of the 10th International Conference on Advances in Spatial and Temporal Databases},
 series = {SSTD'07},
 year = {2007},
 isbn = {978-3-540-73539-7},
 location = {Boston, MA, USA},
 pages = {460--477},
 numpages = {18},
 url = {http://dl.acm.org/citation.cfm?id=1784462.1784488},
 acmid = {1784488},
 publisher = {Springer-Verlag},
 address = {Berlin, Heidelberg},
 keywords = {shortest paths, spatio-temporal data bases, time-aggregated graphs},
} 

@article{anomaly_spatio_temporal,
  title = "Anomaly Detections in Internet traffic Using Empirical Measures",
  author = "Navaz, A.S.Syed and S.Gopalakrishnan and R.Meena",
  journal = "International Journal of Innovative Technology and Exploring Engineering",
  vol = "2",
  month = "Feb.",
  year = "2013",
}

@article{anomaly_sparsity,
  title = "Anomaly Detections in Internet traffic Using Empirical Measures",
  author = "Cheng, GuoZhen and Chen, HongChang and Cheng, DongNian and Zhang, Zhen and Lan, JuLong",
  journal = "International Journal of Innovative Technology and Exploring Engineering",
  month = "Feb.",
  year = "2013",
}

@article{anomaly_sparsity2,
  title = "A Large-Scale Network Data Analysis via Sparse and Low Rank Reconstruction",
  author = "Lu, Liang Fu and Huang, Zheng-Hai and Ambusaidi, Mohammed A. and Gou, Kui-Xiang",
  journal = "Discrete Dynamics in Nature and Society",
  vol = "2014",
  month = "Feb.",
  year = "2013",
}
