@InProceedings{barford-wavelet,
  author = "P. Barford and J. Kline and D. Plonka and A. Ron",
  title = "A signal analysis of network traffic anomalies",
  booktitle = "Proc. of IMW",
  year = "2002",
}  

@misc{wiki:F-score,
  author = "{Wikipedia}",
  title = "F1 score",
  note = "\url{http://en.wikipedia.org/wiki/F1_score}",
}

@misc{wiki:dice,
  author = "{Wikipedia}",
  title = "Dice's coefficient",
  note = "\url{http://en.wikipedia.org/wiki/Dice's_coefficient}",
}

@misc{wiki:bigram,
   author = "{Wikipedia}",
   title = "Bigram",
   note = "\url{http://en.wikipedia.org/wiki/Bigram}",
}   

@InProceedings{PCA1,
  author = "Y. Huang and N. Feamster and A. Lakhina and J. J. Xu",
  title = "Diagnosing network disruptions with network-wide analysis",
  booktitle = "Proc. of ACM SIGMETRICS",
  year = "2007",
}

@InProceedings{PCA2,
  author = "A. Lakhina and M. Crovella and C. Diot",
  title = "Diagnosing network-wide traffic anomalies",
  booktitle = "Proc. of ACM SIGCOMM",
  year = "2004",
}

@InProceedings{PCA3,
  author = "A. Lakhina and M. Crovella and C. Diot",
  title = "Mining anomalies using traffic feature distributions",
  booktitle = "Proc. of ACM SIGCOMM",
  year = "2005",
}  

@InProceedings{NICE,
  author = "A. Mahimkar and J. Yates and Y. Zhang and A. Shaikh and J. Wang and Z. Ge and C. T. Ee.",
  title = "Troubleshooting chronic conditions in large {IP} networks",
  booktitle = "Proc. of ACM CoNEXT",
  year = "2008",
}

@InProceedings{PRISM,
  title = "Rapid Detection of Maintenance Induced Changes in Service Performance",
  author = "Ajay Mahimkar and Zihui Ge and Jia Wang and Jennifer Yates and Yin Zhang and Joanne Emmons and Brian Huntley and Mark Stockert",
  booktitle = "Proc. of ACM CoNEXT",
  year = "2011",
}

@InProceedings{Sherlock,
  author = "P. Bahl and R. Chandra and A. Greenberg and S. Kandula and D. A. Maltz and M. Zhang",
  title = "Towards highly reliable enterprise network services via inference of multi-level dependencies",
  booktitle = "Proc. of ACM SIGCOMM",
  year = "2007",
}

@InProceedings{WISE,
  author = "M. Tariq and A. Zeitoun and V. Valancius and N. Feamster and M. Ammar",
  title = "Answering what-if deployment and configuration questions with WISE",
  booktitle = "Proc. of ACM SIGCOMM",
  year = "2008",
}

@InProceedings{MERCURY,
  author = "A. Mahimkar and H. H. Song and Z. Ge and A. Shaikh and J.Wang and J. Yates and Y. Zhang and J. Emmons",
  title = "Detecting the performance impact of upgrades in large operational
networks",
  booktitle = "Proc. of ACM SIGCOMM",
  year = "2010",
}


@InProceedings{anomography,
  author = "Y. Zhang and Z. Ge and A. Greenberg and M. Roughan",
  title = "Network anomography",
  booktitle = "Proc. of ACM IMC",
  year = "2005",
}

@InProceedings{PCA-data-poison,
  author = "B. I. Rubinstein and B. Nelson and L. Huang and A. D. Joseph and S.-h. Lau and S. Rao and N. Taft and J. D. Tygar",
  title = "ANTIDOTE: understanding and defending against poisoning of
anomaly detectors",
  booktitle = "Proc. of ACM IMC",
  year = "2009",
}

@InProceedings{PCA-sensitivity,
  author = "H. Ringberg and A. Soule and J. Rexford and C. Diot",
  title = "Sensitivity of {PCA} for traffic anomaly detection",
  booktitle = "Proc. of ACM SIGMETRICS",
  year = "2007",
}

@InProceedings{Tiresias,
  title = "Tiresias: Online Anomaly Detection for Hierarchical Operational Network Data",
  author = "Chi-Yao Hong and Matthew Caesar and Nick Duffield and Jia Wang",
  booktitle = "Proc. of ICDCS",
  year = "2012",
}

@InProceedings{anomaly-icdcs11,
  title = "Anomaly Detection in Large Operational Networks",
  author = "Ajay Mahimkar and Ashwin Lall and Jia Wang and Jun Xu and Jennifer Yates and Qi Zhao",
  booktitle = "Proc. of ICDCS",
  year = "2011",
}  

@InProceedings{anomaly-conext11,
  author = "Ajay Mahimkar and Zihui Ge and Jia Wang and Jennifer Yates and Yin Zhang and Joanne Emmons and Brian Huntley and Mark Stockert",
  title = "Rapid Detection of Maintenance Induced Changes in Service Performance",
  booktitle = "Proc. of ACM CoNEXT",
  month = "Dec.",
  year = "2011",
}

@InProceedings{Q-score,
  author = "Han Hee Song and Zihui Ge and Ajay Mahimkar and Jia Wang and Jennifer Yates and Yin Zhang and Andrea Basso and Min Chen",
  title = "Q-score: Proactive Service Quality Assessment in a Large {IPTV} System",
  booktitle = "Proc. of ACM IMC",
  month = "Nov.",
  year = "2011",
}

@InProceedings{anomaly-sigcomm10,
  author = "Ajay Mahimkar and Han Hee Song and Zihui Ge and Aman Shaikh and Jia Wang and Jennifer Yates and Yin Zhang and Joanne Emmons",
  title = "Detecting the Performance Impact of Upgrades in Large Operational Networks",
  booktile = "Proc. of ACM SIGCOMM",
  month = "August-September",
  year = "2010",
}  


@InProceedings{scriptroute,
  author = "N. Spring and D. Wetherall and T. Anderson", 
  title = "Scriptroute: A facility for distributed {Internet} measurement",
  booktitle = "Proc. of USITS",
  month = "Mar.",
  year = "2003",
}

@InProceedings{NRSA01,
  author = "E. M. Nahum and C. C. Rosu and S. Seshan and J. Almeida",
  title = "The Effects of Wide-Area Conditions on {WWW} Server Performance",
  booktitle = "Proc. of SIGMETRICS",
  month = "Jun.",
  year = "2001",
}

@misc{RON,
  key = "RON",
  title = "{RON} Measurement Data",
  note = "\url{http://nms.lcs.mit.edu/ron/data/}",
}

@misc{NLANR,
  key = "NLANR",
  title = "{NLANR} Measurement Data",
  note = "\url{http://watt.nlanr.net/Active/raw_data/cgi-bin/data_form.cgi}",
}

@article{exchange-alg1,
  author = "A. J. Miller and N. K. Nguyen",
  title = "A {Fedorov} exchange algorithm for {D-optimal} design",
  journal = "Applied Statistics",
  vol = "43",
  page = "669-678",
  year = "1994",
}

@article{Mitchell74:detmax,
  author = "T. J. Mitchell",
  title = "An Algorithm for the Construction of {D}-optimal Designs",
  journal = {Technometrics},
  vol = "20",
  page = "203-210",
  year = "1974",
}


@article{exchange-alg2,
  author = "N. K. Nguyen and A. J. Miller",
  title = "A review of exchange algorithms for constructing
discrete {D}-optimal designs",
  journal = "Computational Statistics and Data Analysis",
  vol = "14",
  page = "489-498",
  year = "1992",
}

@book{exp-design,
  author = "V. V. Fedorov",
  title = "Theory of Optimal Experiments, Preprint No. 7 LSM",
  publisher = "Izd-vo Moscow State University, Moscow",
  year = "1969",
}

@book{exp-design2,
  author = "V. Fedorov",
  title = "Theory of Optimal Experiments",
  publisher = "Academic Press, New York",
  year = "1972",
}

@article{bayesian-exp-design1,
  author = "M. A. Clyde",
  title = "Experimental Design: A {Bayesian} Perspective",
  journal = "International Encyclopia Social and Behavioral Sciences",
  month = "Apr.",
  year = "2001",
}

@InProceedings{overlay-kMST,
  author = "Z. Li and P. Mohapatra",
  title = "The Impact of Topology on Overlay Routing Service",
  booktitle = "Proc. of IEEE INFOCOM",
  month = "Apr.",
  year = "2004",
}

@InProceedings{BGP04,
  author = "S. Banerjee and T. G. Griffin and M. Pias",
  title = "The interdomain connectivity of PlanetLab Nodes",
  booktitle = "Proc. of PAM",
  month = "Apr.",
  year = "2004",
}

@InProceedings{detour,
  author = "S. Savage and A. Collins and E. Hoffman and J. Snell and T. Anderson",
  title = "The End-to-end Effects of {Internet} Path Selection,",
  booktitle = "Proc. of ACM SIGCOMM",
  month = "Aug.",
  year = "1999",
}

@InProceedings{route-asymmetry,
  author = "V. Paxson",
  title = "End-to-End Routing behavior in the {Internet}",
  booktitle = "IEEE/ACM Transactions on Networking",
  year = "1997",
  vol = "5(5)",
  page = "601-615",
}

@InProceedings{matrix-factorization,
  author = "Y. Mao and L. K. Saul",
  title = "Modeling Distances in Large-Scale Networks by Matrix Factorization",
  booktitle = "Proc. of ACM IMC",
  year = "2004",
}

@InProceedings{TCN03,
  author = "Y. Tsang and M. J. Coates and R. Nowak",
  title = "Network Delay Tomography",
  booktitle = "IEEE Transactions on Signal Processing, Special Issue on Signal Processing in Networking",
  year = "2003",
}

@InProceedings{TCN01,
  author = "Y. Tsang and M. J. Coates and R. Nowak",
  title = "Passive Network Tomography using {EM} algorithms",
  booktitle = "Proc. of IEEE International Conference on Acoustics, Speech, and Signal Processing",
  month = "May",
  year = "2001",
}

@InProceedings{CPRW03,
  author = "D. D. Clark and C. Patridge and J. C. Ramming and J. Wroclaski",
  title = "A Knowledge Plane for the {Internet}",
  booktitle = "Proc. of ACM SIGCOMM",
  month = "Aug.",
  year = "2003",
}
@InProceedings{SGV99-2,
  author = "P. Shenoy and P. Goyal and H. Vin",
  title = "Architectural Considerations for Next Generation File Systems",
  booktitle = "Proc. of ACM Multimedia",
  month = "Oct.",
  year = "1999",
}

@InProceedings{SV98,
  author = "P. Shenoy and H. Vin",
  title = "Cello: A Disk Scheduling Framework for Next-generation Operating Systems",
  booktitle = "Proc. of SIGMETRICS",
  month = "Jun.",
  year = "1998",
}

@article{SV99,
  author = "P. Shenoy and H. Vin",
  title = "Failure Recovery Algorithms for Multimedia Servers",
  journal = "ACM Multimedia Systems Journal",
  year = "1999",
}

@InProceedings{SV95,
  author = "P. Shenoy and H. Vin",
  title = "Efficient Support for Scan Operations in Multimedia Servers",
  booktitle = "Proc. of ACM Multimedia",
  month = "Nov.",
  year = "1995",
}

@article{TVDS99,
  author = "R. Tewari and H.M. Vin and A. Dan and D. Sitaram",
  title = "Resource-based Caching for {Web} Servers",
  journal = "ACM Multimedia Systems Journal",
  year = "1999",
}

@InProceedings{VGGG94,
  author = "H. Vin and P. Goyal and A. Goyal and A. Goyal",
  title = "A statistical admission control algorithm for multimedia servers",
  booktitle = "Proc. of ACM Multimedia",
  month = "Oct.",
  year = "1994",
}

@InProceedings{VSR95,
  author = "H. Vin and P. J. Shenoy and S. Rao",
  title = "Efficient Failure Recovery in Multi-Disk Multimedia Servers",
  booktitle = "Proc. of the 25th International Symposium on Fault Tolerant Computing Systems",
  month = "Jun.",
  year = "1995",
}

%%%

@InProceedings{SGV99,
  author = "J. Sahni and P. Goyal and H. Vin",
  title = "Scheduling CBR Flows: {FIFO} or Fair Queuing?",
  booktitle = "Proc. of 9th International Workshop on Network and Operating Systems Support for Digital Audio and Video (NOSSDAV)",
  month = "Jun.",
  year = "1999",
}

@InProceedings{GV96,
  author = "P. Goyal and H. Vin",
  title = "Network Algorithms and Protocol for Multimedia Servers",
  booktitle = "Proc. of IEEE INFOCOM",
  month = "Mar.",
  year = "1996",
}

@InProceedings{GV97-1,
  author = "P. Goyal and H. Vin",
  title = "Fair Airport Scheduling Algorithms",
  booktitle = "Proc. of 7th International Workshop on Network and Operating System Support for Digital Audio and Video (NOSSDAV)",
  month = "May",
  year = "1997",
}

@article{GV97-2,
  author = "P. Goyal and H. Vin",
  title = "Generalized Guaranteed Rate Scheduling Algorithms: A Framework",
  journal = "IEEE/ACM Transactions on Networking",
  vol = "5(4)",
  month = "Aug",
  year = "1997",
}

@InProceedings{GV98-1,
  author = "P. Goyal and H. Vin",
  title = "On the Effectiveness of Buffer in Deterministic and Statistical Services",
  booktitle = "Proc. of 8th InternationalWorkshop on Network and Operating System Support for Digital Audio and Video (NOSSDAV)",
  month = "Jul.",
  year = "1998",
}

@InProceedings{GV98-2,
  author = "P. Goyal and H. Vin",
  title = "Statistical Delay Guarantee of Virtual Clock",
  booktitle = "Proc. of the IEEE Real-time Systems Symposium (RTSS)",
  month = "Dec.",
  year = "1998",
}

@InProceedings{GVCS96,
  author = "P. Goyal and H. Vin and C. Chen and P.J. Shenoy",
  title = "A Reliable, Adaptive Network Protocol for Video Transport",
  booktitle = "Proc. of IEEE INFOCOM",
  month = "Mar.",
  year = "1996",
}

@article{GVC97,
  author = "P. Goyal and H. Vin and H. Cheng",
  title = "Start-time Fair Queuing: A Scheduling Algorithm for Integrated Services Packet Switching Networks",
  journal = "IEEE/ACM Transactions on Networking",
  vol = "5(5)",
  month = "Oct.",
  year = "1997",
}

@InProceedings{GJV02,
  author = "S. Gorinsky and S. Jain and H. Vin",
  title = "Mulsticast Congestion Control with Distributed Receivers",
  booktitle = "Proc. of Networked Group Communication",
  month = "Oct.",
  year = "2002",
}

@InProceedings{GJVZ02,
  author = "S. Gorinsky and S. Jain and H. Vin and Y. Zhang",
  title = "Lightweight Protection Against Inflated Subscription in Multicast Congestion Control",
  booktitle = "Technical Report TR2002-58, University of Texas, Department of Computer Sciences",
  year = "2002",
}

@InProceedings{GV01,
  author = "S. Gorinsky and H. Vin",
  title = "The Utility of Feedback in Layered Multicast Congestion Control",
  booktitle = "Proc. of Network and Operating Systems Support for Ditigal Audio and Video",
  month = "Jun.",
  year = "2001",
}

@InProceedings{GGV96,
  author = "P. Goyal and X. Guo and H. Vin",
  title = "A Hierarchical {CPU} Scheduler for Multimedia Operating Systems",
  booktitle = "Proc. of 2nd Symposium on Operating Systems Design and Implementation",
  month = "Oct.",
  year = "1996",
}

@InProceedings{YADL99,
  author = "J. Yin and L. Alvisi and M. Dahlin and C. Lin",
  title = "Hierarchical Cache Consistency in a {WAN}",
  booktitle = "Proc. of 2nd USENIX Symposium on Internet Technologies and Systems",
  month = "Oct.",
  year = "1999",
}

@InProceedings{YADL99,
  author = "J. Yin and L. Alvisi and M. Dahlin and C. Lin",
  title = "Volume Leases to Support Consistency in Large-Scale Systems",
  booktitle = "IEEE Transactions on Knowledge and Data Engineering",
  month = "Feb.",
  year = "1999",
}

@InProceedings{YV01,
  author = "H. Yu and A. Vahdat",
  title = "The Costs and Limits of Availability for Repliated Services",
  booktitle = "Proc. of 18th SOSP",
  year = "2001",
}

@InProceedings{YV02,
  author = "H. Yu and A. Vahdat",
  title = "Design and Evaluation of a Conit-Based Continuous Consistency Model for REplicated Services",
  booktitle = "ACM Transactions on Computer Systems",
  vol = "20(3)",
  month = "Aug.",
  year = "2002",
}

@article{KS92,
  author = "J. Kisteler and M. Satyanarayanan",
  title = "Disconnected Operation in the Coda File System",
  booktitle = "ACM Transactions on Computer Systems",
  vol = "10(1):3-25",
  month = "Feb.",
  year = "1992",
}

@InProceedings{KYVD03,
  author = "R. Kokku and P. Yalagandula and A. Venkataramani and M. Dahlin",
  title = "A Non-interfering Deployable {Web} Prefetching System",
  booktitle = "Proc. of 4th USENIX Symposium on Internet Technologies and Systems",
  month = "Mar.",
  year = "2003",
}

@InProceedings{KD99,
  author = "M. Korupolu and M. Dahlin",
  title = "Coordinated Placement and Replacement for Large-Scale Distribted Caches",
  booktitle = "Proc. of 1999 IEEE Workshop on Internet Applications",
  month = "Jun.",
  year = "1999",
}

@article{KD02,
  author = "M. Korupolu and M. Dahlin",
  title = "Coordinated Placement and Replacement for Large-Scale Distribted Caches",
  journal = "IEEE Transactions on Knowledge and Data Engineering",
  year = "2002",
}

@article{KPR01,
  author = "M. Korupolu and C. Plaxton and R. Rajaraman",
  title = "Placement Algorithms for Hierarchical Cooperative Caching",
  journal = "Journal of Algorithms",
  vol = "38:260-302",
  year = "2001",
}

@article{KRAV03,
  author = "D. Kostic and A. Rodriguez and J. Albrecht and A. Vahdat",
  title = "Bullet: High Bandwidth Data Dissemination using an Overlay Mesh",
  booktitle = "Proc. of 19th SOSP",
  month = "Oct.",
  year = "2003",
}

@InProceedings{KW98,
  author = "B. Krishnamurthy and C. Wills",
  title = "Piggyback Server Invalidation for Proxy Cache Coherency",
  booktitle = "Proc. of 7th WWW",
  year = "1998",
}

@InProceedings{KP97,
  author = "G. Kuenning and G. Popek",
  title = "Automated Hoarding for Mobile Computers",
  booktitle = "Proc. of 16th SOSP",
  month = "Oct.",
  year = "1997",
}

@InProceedings{YADI02,
  author = "J. Yin and L. Alvisi and M. Dahlin and A. Iyengar",
  title = "Engineering {Web} Cache Consistency",
  booktitle = "ACM Transactions on Internet Technologies",
  vol = "2(3):224-259",
  year = "2002",
}

@article{HKMN+88,
  author = "J. Howard and M. Kazar and S. Menees and D. Nichols and M. Satyanarayanan and R. Sidebotharn and M. West",
  title = "Scale and Performance in a Distributed File System",
  booktitle = "ACM Transactions on Computer Systems",
  vol = "6(1):51-81",
  month = "Feb.",
  year = "1988",
}

@InProceedings{HA90,
  author = "P. Hutto and M. Ahamad",
  title = "Slow Memeory: Weakening Consistency to Enhance Concurrency in Distributed Shared Memories",
  booktitle = "10th International Conference on Distributed Computing Systems",
  year = "1990",
}

@article{Karp96,
  author = "J. Karpovich",
  title = "Support for Object Placement in Wide Area Heterogeneous Distributed Systems",
  booktitle = "Technical Report CS-96-03, Computer Science Department, University of Virginia",
  month = "Jan.",
  year = "1996",
}

@InProceedings{KKST98,
  author = "A. Kermarrec and I. Kuz and M. van Steen and A. Tannenbaum",
  title = "A Framework for Consistent, Replicated {Web} Objects",
  booktitle = "Proc. of 18th International Conference on Distributed Computing Systems",
  month = "May",
  year = "1998",
}

@InProceedings{KKVY+03-2,
  author = "M. Kounavis and A. Kumar and H. M. Vin and R. Yavatkar and A. Campbell",
  title = "Directions in Packet Classification for Network Processors",
  booktitle = "Network Processors Design: Issues and Practices",
  vol = "2",
  publisher = "Morgan Kaufmann",
  year = "2003",
}

@InProceedings{KRKM+03,
  author = "R. Kokku and T. L. Riche and A. Kunze and J. Mudigonda and J. Jason and H. M. Vin",
  title = "A Case for Run-time Adaptation in Packet Processing Systems",
  booktitle = "Proc. of HotNets-II",
  month = "Nov.",
  year = "2003",
}

@article{HRMD+04,
  author = "B. Hardekopt and T. Riche and J. Mudigonda and M. Dahlin and H. M. Vin and J. Kaur",
  title = "Impact of Network Protocols on Programmable Router Architecture",
  journal = "In review",
  month = "Apr.",
  year = "2004",
}

@article{KKVY+03-1,
  author = "M. Kounavis and A. Kumar and H. M. Vin and R. Yavatkar and A. Campbell",
  title = "Packet Classification under Stringent Space-Time Constraints",
  journal = "In review",
  month = "Jun.",
  year = "2003",
}

@article{KSSDV04,
  author = "R. Kokku and U. Shevade and N. Shah and M. Dahlin and H. Vin",
  title = "Energy-efficient Packet Processing",
  journal = "In review",
  month = "Feb.",
  year = "2004",
  note = "\url{http://www.cs.utexas.edu/users/dahlin/papers/packet-power-feb2004.pdf}"
}

@InProceedings{MS04,
  author = "Y. Mao and L. K. Saul",
  title = "Modeling Distances in Large-Scale Networks by Matrix Factorization",
  booktitle = "Proc. of Internet Measurement Conference (IMC)",
  month = "Oct.",
  year = "2004",
}

@InProceedings{DCKM04,
  author = "F. Dabek and R. Cox and F. Kaashoek and R. Morris",
  title = "Vivaldi: A Decentralized Network Coordinate System",
  booktitle = "Proc. of ACM SIGCOMM",
  month = "Aug.-Sept.",
  year = "2004",
}

@InProceedings{TC03,
  author = "L. Tang and M. Crovella",
  title = "Virtual Landmarks for the {Internet}",
  booktitle = "Proc. of Internet Measurement Conference (IMC)",
  month = "Oct.",
  year = "2003",
}

@InProceedings{LHC03,
  author = "H. Lim and J. Hou and C. H. Choi",
  title = "Constructing {Internet} Coordinate System based on Delay Measurement",
  booktitle = "Proc. of Internet Measurement Conference (IMC)",
  month = "Oct.",
  year = "2003",
}

@misc{planetlab,
  key = "PlanetLab",
  title = "PlanetLab",
  note = "\url{http://www.planet-lab.org}",
}

@InProceedings{PST04,
  author = "L. Peterson and S. Shenker and J. Turner",
  title = "Overcoming the {Internet} Impasse through Virtualization",
  booktitle = "Proc. of HotNets-III",
  month = "Nov.",
  year = "2004",
}

@book{AWF72,
  author = "E. AWF",
  title = "Likelihood",
  publisher = "Cambridge University Press",
  year = "1972",
}

@article{DLR77,
  author = "A. P. Dempster and N. M. Laird and D. B. Rubin",
  title = "Maximum Likelihood for Incomplete data via {EM} algorithm (with discussion)",
  journal = "Journal of the Royal Statistical Society (Series B)",
  volume = "39",
  year = "1977",
}

@InProceedings{CDH+99,
  author = "R. Caceres and N. G. Duffield and J. Horowitz and D. Towsley and T. Bu",
  title = "Multicast-Based Inference of Network Internal Characteristics: Accuracy of Packet Loss Estimation",
  booktitle = "Proc. of IEEE INFOCOM",
  year = "1999",
}

@InProceedings{GG84,
  author = "S. Geman and D. Geman",
  title = "Stochastic relaxation, {Gibbs d}istributions, and the {Bayesian} restoration of images",
  booktitle = "In IEEE Trans. Pattn. Anal.",
  month = "Mar.",
  year = "1984",
}

@book{GRS96,
  author = "W. R. Gilks and S. Richardson and D. J. Spiegelalter",
  title = "Markov Chain Monte Carlo in Practice",
  publisher = "Chapman and Hall",
  year = "1996",
}

@Misc{BRITE,
  author = "A. Medina and A. Lakhina and I. Matta and J. Byers",
  title = "Boston University Representative {Internet} Topology Generator ({BRITE})",
  note = "\url{http://www.cs.bu.edu/brite/}",
}

@InProceedings{ZP00a,
  author = "Y. Zhang and V. Paxson",
  title = "Detecting Backdoors",
  booktitle = "Proc. of the 9$^{th}$ USENIX Security Symposium",
  month = "Aug.",
  year = "2000",
}

@InProceedings{ZP00b,
  author = "Y. Zhang and V. Paxson",
  title = "Detecting Stepping Stones",
  booktitle = "Proc. of the 9$^{th}$ USENIX Security Symposium",
  month = "Aug.",
  year = "2000",
}

@InProceedings{ZSS+04,
  author = "Y. Zhang and S. Singh and S. Sen and N. Duffield and C. Lund",
  title = "Online Identification of Hierarchical Heavy Hitters: Algorithms, Evaluation, and Applications",
  booktitle = "Proc. of the Internet Measurement Conference (IMC '04)",
  month = "Oct.",
  year = "2004",
}

@InProceedings{KSZC03,
  author = "B. Krishnamurthy and S. Sen and Y. Zhang and Y. Chen",
  title = "Sketch-based Change Detection: Methods, Evaluation, and Applications",
  booktitle = "Proc. of 1st ACM/USENIX Internet Measurement Conference (IMC '03)",
  month = "Oct.",
  year = "2003",
}

@InProceedings{ZRDG03,
  author = "Y. Zhang and M. Roughan and N. Duffield and A. Greenberg",
  title = "Fast Accurate Computation of Large-Scale {IP} Traffic Matrices from Link Loads", 
  booktitle = "Proc. of ACM SIGMETRICS",
  month = "June",
  year = "2003",
}

@InProceedings{ZBPS02,
   author = "Y. Zhang and L. Breslau and V. Paxson and S. Shenker",
   title = "On the Characteristics and Origins of {Internet} Flow Rates",
   booktitle = "Proc. of ACM SIGCOMM",
   month = "Aug.",
   year = "2002",
}

@InProceedings{GQXY+04,
   author = "D. K. Goldenberg and L. Qiu and H. Xie and Y. R. Yang and Y. Zhang",
   title = "Optimizing Cost and Performance for Multihoming",
   booktitle = "Proc. of ACM SIGCOMM",
   month = "Aug.-Sept.",
   year = "2004",
}

@InProceedings{QYZS03,
  author = "L. Qiu and Y. R. Yang and Y. Zhang and S. Shenker",
  title = "On Selfish Routing in {Internet}-Like Environments",
  booktitle = "Proc. of ACM SIGCOMM",
  month = "Aug.",
  year = "2003",
}

@InProceedings{QPV01,
   author = "L. Qiu and V. N. Padmanabhan and G. M. Voelker",
   title = "On the Placement of {Web} Server Replicas",
   booktitle = "Proc. of IEEE INFOCOM",
   month = "Apr.",
   year = "2001",
}

@InProceedings{EV02,
   author = "C. Estan and G. Varghese",
   title = "New Directions in Traffic Measurement and Accounting",
   booktitle = "Proc. of ACM SIGCOMM",
   month = "Aug.",
   year = "2002",
}

@InProceedings{GE03,
   author = "G. Varghese and C. Estan",
   title = "The Measurement Manifesto", 
   booktitle = "Proc. of the 2nd ACM Workshop on Hot Topics in Networks (HotNets-II)",
   month = "Nov.",
   year = "2003",
}

@InProceedings{ESV03,
   author = "C. Estan and S. Savage and G. Varghese",
   title = "Automatically Inferring Patterns of Resource Consumption in Network Traffic", 
   booktitle = "Proc. of ACM SIGCOMM",
   month = "Aug.",
   year = "2003",
}

@InProceedings{Vardi03,
   author = "Y. Vardi",
   title = "Metrics Useful in Network Tomography Studies",
   note = "\url{http://www.stat.rutgers.edu/~vardi/spl-00771.pdf}",
   year = "2003",
}

@InProceedings{ZCB96,
   author = "E. W. Zegura and K. Calvert and S. Bhattacharjee",
   title = "How to Model an {Internetwork}",
   booktitle = "Proc. of IEEE INFOCOM",
   year = "1996",
   month = "Apr.",
}

@Misc{net-coding,
   key = "net-coding",
   title = "Network Coding Home Page",
   note = "\url{http://www.networkcoding.info/}",
}

@Article{ACLY00,
   author = "R. Ahlswede and N. Cai and S.-Y. R. Li and R. W. Yeung",
   title = "Network Information Flow",
   journal = "IEEE Transactions on Information Theory",
   volume = 46,
   pages = "1204--1216",
   year = 2000,
}

@Misc{GT-ITM,
   key = "GT-ITM",
   title = "Modeling Topology of Large {Internetworks} ({GT-ITM})",
   note = "\url{http://www.cc.gatech.edu/fac/Ellen.Zegura/graphs.html}",
}

@Misc{lasso,
   author = "Rob Tibshirani",
   title = "The {Lasso} Page",
   note = "\url{http://www-stat.stanford.edu/~tibs/lasso.html}",
}

@Article{Tib96,
   author = "Rob Tibshirani",
   title = "Regression shrinkage and selection via the lasso",
   journal = "J. Royal. Statist. Soc B.",
   volume = 58,
   number  = 1,
   pages = "267--288",
   year = 1996,
}



@Article{DE03,
   author = "D. Donoho and M. Elad",
   title = "Maximal sparsity representation via l1 minimization",
   journal = "Proc. Nat. Aca. Sci.",
   volume = 100,
   pages = "2197--2202",
   month = "March",
   year = "2003",
}


@InProceedings{CBK03,
   author = "Y. Chen and D. Bindel and R. H. Katz", 
   title = "Tomography Based Overlay Network Monitoring",
   booktitle = "Proc. of ACM/USENIX Internet Measurement Conference",
   year = "2003",
}

@InProceedings{CBSK04,
   author = "Y. Chen and D. Bindel and H. Song and R. H. Katz", 
   title = "An Algebraic Approach to Practical and Scalable Overlay Network Monitoring",
   booktitle = "Proc. of ACM SIGCOMM",
   year = "2004",
}

@InProceedings{BH04,
  author =       {D. Blatt and A. Hero},
  title =        {Distributed maximum likelihood for sensor networks},
  booktitle =    {Proc. of ICASSP},
  year =         2004,
  month = "May",
}

@InProceedings{CKC,
  author =       {D. B. Chua and E. D. Kolaczyk and M. Crovella}, 
  title =        {Efficient Monitoring of End-to-End Network Properties},
  booktitle =    {Proc. of IEEE INFOCOM},
  year =         2004,
  month = "Jul.",
}

@InProceedings{CKC05,
  author =       {D. B. Chua and E. D. Kolaczyk and M. Crovella}, 
  title =        {A Statistical Framework for Efficient Monitoring of End-to-End Network Properties},
  booktitle =    {Proc. of ACM SIGMETRICS},
  year =         2005,
}

@InProceedings{LCD04-2,
  author =       {A. Kakhina and M. Crovella and C. Diot},
  title =        {Characterization of Network-Wide Anomalies in Traffic Flows
},
  booktitle =    {Proc. of Internet Measurement Conference},
  year =         2004,
  month = "Oct.",
}

@InProceedings{RNC04,
  author =       {M. Rabbat and R. Nowak and M. Coates},
  title =        {Multiple Source, Multiple Destination Network Tomography},
  booktitle =    {Proc. of IEEE INFOCOM},
  year =         2004,
  month = "Mar.",
}


@InProceedings{CRN03,
  author =       {M. Coates and M. Rabbat and R. Nowak},
  title =        {Merging Logical Topologies Using End-to-End Measurements},
  booktitle =    {Proc. of Internet Measurement Conference},
  year =         2003,
  month = "Oct.",
}

@InProceedings{DPPT+01,
  author =       {N. G. Duffield and F. Lo Presit and V. Paxson and D. Towsley},
  title =        {Inferring Link Loss using Striped Unicast Probes},
  booktitle =    {Proc. of IEEE INFOCOM},
  year =         2001,
  month = "Apr.",
}

@InProceedings{DHP01,
  author = "N.G. Duffield and J. Horowitz and F. Lo Presti",
  title = "Adaptive multicast topology inference", 
  booktitle = "Proc. IEEE Infocom 2001", 
  month = "Apr.",
  year = "2001",
}

@InProceedings{DHPT,
   author = "N.G. Duffield and J. Horowitz and F. Lo Presti and D. Towsley",
   title = "Multicast topology inference from measured end-to-end loss", 
   booktitle = "IEEE Transactions in Information Theory",
   year = "2002",
}

@InProceedings{DHT+,
   author = "N.G. Duffield and J. Horowitz and D. Towsley and W. Wei and T. Friedman",
   title = "Multicast-based loss inference with missing data", 
   booktitle = "IEEE Journal  on Selected Areas in Communications",
}

@InProceedings{CDF02,
    author = "R. Caceres and N.G. Duffield and T. Friedman",
    title = "Impromptu measurement infrastructures using RTP", 
    booktitle = "Proc. of IEEE INFOCOM",
    month = "Jun.",
    year = "2002",
}

@InProceedings{DHPT01,
    author = "N.G. Duffield and J. Horowitz and F. Lo Presti and D.Towsley",
    title = "Network Delay Tomography from End-to-end Unicast Measurements", 
    booktitle = "Proc. of the 2001 International Workshop on Digital Communications -- Evolutionary Trends of the Internet,",
    year = "2001",
    month = "Sep.",
}

@InProceedings{ZRLD03,
    author = "Y. Zhang and M. Roughan and C. Lund and D. Donoho", 
    title = "An Information-Theoretic Approach to Traffic Matrix Estimation", 
    booktitle = "Proc. of ACM SIGCOMM",
    month = "Aug.",
    year = "2003",
}

@InProceedings{tomogravity-2,
    author = "M. Roughan and A. Greenberg and C. Kalmanek and M. Rumsewicz and J. Yates and Y. Zhang", 
    title = "Experience in Measuring {Internet} Backbone Traffic Variability: models, Metrics, Measurements and Meaning", 
    booktitle = "Proc. of the 18th International Teletraffic Congress (ITC '2003)", 
    month = "Sep.",
    year = "2003",
}

@InProceedings{tomogravity-1,
    author = "Y. Zhang and M. Roughan and N. Duffield and A. Greenberg", 
    title = "Fast Accurate Computation of Large-Scale {IP} Traffic Matrices from Link Loads", 
    booktitle = "Proc. of ACM SIGMETRICS",
    year = "2003",
    month = "Jun.",
}

@InProceedings{QPW03,
     author = "V. N. Padmanabhan and L. Qiu and H. Wang",
     title = "Server-based Inference of {Internet} Performance",
     booktitle = "Proc. of IEEE INFOCOM", 
     month = "Mar.",
     year = "2003",
}

@InProceedings{MTSB+02,
     author = "A. Medina and N. Taft and K. Salamatian and S. Bhattacharyya and C. Diot",
     title = "Traffic Matrix Estimation: Existing Techniques and New Directions",
     booktitle = "Proc. of ACM SIGCOMM",
     month = "Aug.",
     year = "2002",
}

@InProceedings{GNP2,
     author = "T. S. E. Ng and H. Zhang", 
     title = "Predicting {Internet} Network Distance with Coordinates-Based Approaches", 
     booktitle = "Proc. of IEEE INFOCOM",
     month = "Jun.",
     year = "2002",
}

@InProceedings{GNP1,
     author = "T. S. E. Ng and H. Zhang", 
     title = "Towards Global Network Positioning (Extended Abstract)", 
     booktitle = "ACM SIGCOMM Internet Measurement Workshop",
     month = "Nov.",
     year = "2001",
}

@InProceedings{M04,
     author = "Y. Mao",
     title = "Modeling Distances in Large-Scale Networks by Matrix Factorization", 
     booktitle = "Internet Measurement Conference",
     month = "Oct.",
     year = "2004",
}

@Article{HK70,
  author =       {A. Hoerl and R. Kennard},
  title =        {Ridge regression: Biased estimation for nonorthogonal problems},
  journal =      {Technometrics},
  year =         1970,
  volume =       12,
  number =       3,
  pages =        {55-67}
}

@InProceedings{Vern04,
   author = "V. Paxson",
   title = "Strategies for Sound {Internet} Measurement",
   booktitle = "Proc. of Internet Measurement Conference (IMC)",
   month = "Oct.",
   year = "2004",
}

@InProceedings{ZDPS01,
   author = "Yin Zhang and Nick Duffield and Vern Paxson and Scott Shenker",
   title = "On the Constancy of {I}nternet Path Properties",
   booktitle = "Proc. of Internet Measurement Workshop (IMW)",
   month = "Nov.",
   year = "2004",
}


@InProceedings{KWZ01,
   author = "Balachander Krishnamurthy and Craig Wills and Yin Zhang",
   title = "On the Use and Performance of Content Distribution Networks",
   booktitle = "Proc. of Internet Measurement Workshop (IMW)",
   month = "Nov.",
   year = "2004",
}

@inproceedings{fc,
    author = "Jayeon Jung and Balachander Krishnamurthy and Michael Rabinovich",
    title = "Flash Crowds and Denial of Service Attacks: Characterization 
              and Implications for {CDN}s and {Web} Sites",
    booktitle = {Proceedings of the World Wide Web Conference},
    month = May,
    year = 2002,
    address = "Honolulu, Hawaii",
    nonote = {http://www.research.att.com/$\sim$bala/papers/www02-fc.html}
}

@misc{ddos,
    author = "K. J. Houle and G. M. Weaver and N. Long and R. Thomas",
    title = "Trends in Denial of Service Attack Technology",
    note = "\url{http://www.cert.org/archive/pdf/DoS_trends.pdf}"
}

@misc{shangri-la,
    author = "H. Vin",
    title = "Shangri-La: A programming environment for next-generation network systems", 
    note = "\url{http://www.cs.utexas.edu/users/vin/research/shangrila.shtml}",
    year = 2003
}

@misc{SDIMS,
  author = "M. Dahlin",
  title = "A Scalable Distributed Information Management System",
  note = "\url{http://www.cs.utexas.edu/users/ypraveen/sdims/}",
  year = "2003",
}

@TechReport{worms,
  author = "D. Moore and V. Paxson and S. Savage and C. Shannon and S. Staniford
 and N. Weaver",
  title =  "The Spread of the {S}apphire/{S}lammer Worm",
  institution = "CAIDA",
  month = feb,
  year =  "2003",
  note = "\url{http://www.cs.berkeley.edu/~nweaver/sapphire/}"
}

@article{ chaloner95bayesian,
  author = "K. Chaloner and I. Verdinelli",
  title = "Bayesian experimental design: A review",
  journal = "Statistical Science",
  volume = "10",
  pages = "273--304",
  year = "1995",
  note = "\url{http://citeseer.ist.psu.edu/chaloner95bayesian.html}"
}


@book{Lind72,
  author = "D. V. Lindley",
  title = "Bayesian Statistics -- A Review",
  publisher = "SIAM",
  address = "Philadelphia, PA",
  year = "1972",
}

@misc{turing-prog,
    key = "turing",
    title = "University of {T}exas {T}uring {S}cholars Program",
    note = "\url{http://www.cs.utexas.edu/users/UTCS/undergradoffice/honors/}",
}


@misc{donoho04a,
   author = "David L. Donoho",
   title = "For Most Large Underdetermined Systems of Equations, the Minimal L1-norm Solution is Also the Sparsest Solution",
   month = "September",
   year = "2004",
   note = "\url{http://www-stat.stanford.edu/~donoho/Reports/2004/l1l0EquivCorrected.pdf}"
}

@misc{donoho04b,
   author = "David L. Donoho",
   title = "For Most Large Underdetermined Systems of Equations, the Minimal L1-norm Near-Solution 
	   Approximates the Sparsest Near-Solution",
   month = "August",
   year = "2004",
   note = "\url{http://www-stat.stanford.edu/~donoho/Reports/2004/l1l0approx.pdf}"
}


@article{karlovitz70irls,
   author = "L. A. Karlovitz",
   title = "Construction of Nearest Points in the $\ell^p$, $p$ Even and $\ell^1$ Norms",
   journal = "Journal of Approximation Theory",
   volume = 3,
   pages = "123--127",
   year = "1970"
}

@misc{pdco,
   author = "M. Saunders",
   title = "{PDCO}: {P}rimal-{D}ual interior method for {C}onvex {O}bjectives",
   year = "2003",
   note = "\url{http://www.stanford.edu/group/SOL/software/pdco.html}"
}

@misc{davis05:ldl,
   author = "Tim Davis",
   title = "{LDL}: A sparse {LDL'} factorization and solve package (version 1.2)",
   year = "2005",
   note = "\url{http://www.cise.ufl.edu/research/sparse/ldl/}"
}

@book{cover91:entropy,
  author = "T. M. Cover and J. A. Thomas",
  title = "Elements of Information Theory",
  publisher = "New York: Wiley",
  year = "1991",
}

@InProceedings{SNLCT04,
  author = "A. Soule and A. Nucci and E. Leonardi and R. Cruz and N. Taft",
  title = "How to Identify and Estimate the Largest Traffic Matrix Elements in a Dynamic Environment",
  booktitle = "Proc. of SIGMETRICS",
  month = "Jun.",
  year = "2004",
}

@InProceedings{NCTD04,
  author = "A. Nucci and R. Cruz and N. Taft and C. Diot",
  title = "Design of IGP Link Weights for Estimation of Traffic Matrices",
  booktitle = "Proc. of IEEE INFOCOM",
  month = "Mar.",
  year = "2004",
}

@article{Shannon48,
  author = "C. E. Shannon",
  title = "A Mathematical Theory of Communication",
  journal = "Bell System Technical Journal",
  vol = "27",
  page = "379--423",
  year = "1948",
}

@article{Stone59a,
  author = "M. Stone",
  title = "Application of a Measure of Information to the Design and Comparison of Regression Experiment",
  journal = "Annals Mathematical Statistics",
  vol = "30",
  page = "55--70",
  year = "1959",
}

@article{Stone59b,
  author = "M. Stone",
  title = "Discussion of Kiefer",
  journal = "Journal of the Royal Statistical Society (Series B)",
  volume = "21",
  page = "313--315",
  year = "1959",
}


@article{DeGroot62,
  author = "M. H. DeGroot",
  title = "Uncertainty, Information and Sequential Experiments",
  journal = "Annals Mathematical Statistics",
  vol = "33",
  page = "404--419",
  year = "1962",
}


@InProceedings{DeGroot86,
  author = "M. H. DeGroot",
  title = "Concepts of Information based on Utility",
  booktitle = "Recent Developments in the Foundations of Utility and Risk Theory",
  editor = "L. Daboni and A. Montesano and M. Lines",
  year = "1986",
}

@misc{Brookes:matrix,
  author = "Mike Brookes",
  title = "Matrix Reference Manual: Matric Properties",
  note = "\url{http://www.ee.ic.ac.uk/hp/staff/dmb/matrix/property.html}",
}

@misc{wikipedia:cholesky,
  author = "{Wikipedia}",
  title = "Cholesky decomposition",
  note = "\url{http://en.wikipedia.org/wiki/Cholesky_decomposition}",
  year = "2006",
}

@TechReport{Golub76:rank,
  author = "G. H. Golub and V. Klema and G. W. Stewart",
  title =  "Rank degeneracy and least squares problems",
  institution = "Stanford University",
  month = aug,
  number = {CS-TR-76-559},
  year =  "1976",
  note = "\url{http://www-db.stanford.edu/TR/CS-TR-76-559.html}",
}

@book{Golub89:matrix,
  author = "G. H. Golub and C. F. V. Loan",
  title = "Matrix Computations",
  edition = "2nd",
  publisher = "Johns Hopkins University Press",
  address = "Baltimore, Maryland",
  year = "1989",
}

@InProceedings{Lakhina05,
  author = "Anukool Lakhina and Mark Crovella and Christophe Diot",
  title = "Mining Anomalies Using Traffic Feature Distributions",
  booktitle = "Proc. of ACM SIGCOMM",
  year = "2005",
}

@InProceedings{Gu05,
  author = "Yu Gu and Andrew McCallum and Don Towsley", 
  title = "Detecting Anomalies in Network Traffic Using Maximum Entropy Estimation",
  booktitle = "Proc. of Internet Measurement Conference (IMC)",
  year = "2005",
}

@Misc{jones04:supersaturated,
  author =       "Bradley Jones and Dennis Lin and Christopher Nachtsheim",
  title =        "Bayesian {D}-optimal Supersaturated Designs",
  note =         "Submitted for publication",
  year =         "2004",
}

@misc{wiki:Toeplitz,
  author = "{Wikipedia}",
  title = "Toeplitz matrix",
  note = "\url{http://en.wikipedia.org/wiki/Toeplitz_matrix}",
}

@misc{wiki:Frobenius-norm,
  author = "{Wikipedia}",
  title = "Matrix norm",
  note = "\url{http://en.wikipedia.org/wiki/Matrix_norm}",
}

@misc{wiki:ngram,
  author = "{Wikipedia}",
  title = "N-gram",
  note = "\url{http://en.wikipedia.org/wiki/N-gram}",
}

@INPROCEEDINGS{PCA-anomaly,
  author = {Mei-ling Shyu and Shu-ching Chen and Kanoksri Sarinnapakorn and Liwu Chang},
  title = {A novel anomaly detection scheme based on principal component classifier},
  booktitle = {Proc. of IEEE Foundations and New Directions of Data Mining Workshop (ICDM’03)},
  year = {2003},
  pages = {172--179}
}

@inproceedings{PCA-structural,
  author = {Lakhina, Anukool and Papagiannaki, Konstantina and Crovella, Mark and Diot, Christophe and Kolaczyk, Eric D. and Taft, Nina},
  title = {Structural analysis of network traffic flows},
  booktitle = {Proc. of ACM SIGMETRICS},
  year = {2004},
  url = {http://doi.acm.org/10.1145/1005686.1005697},
  doi = {10.1145/1005686.1005697},
  acmid = {1005697},
  keywords = {network traffic analysis, principal component analysis, traffic engineering},
} 

@inproceedings{PCA-unsupervised,
  author = {Roland Kwitt and Ulrich Hofmann},
  title = {Unsupervised Anomaly Detection in Network Traffic by Means of Robust {PCA}},
  booktitle ={Proc. of IEEE Computing in the Global Information Technology},
  year = {2007},
  doi = {http://doi.ieeecomputersociety.org/10.1109/ICCGI.2007.62},
  address = {Los Alamitos, CA, USA},
}
