
@misc{massive-twitter,
  key = "Twitter To Surpass 500 Million Registered Users On Wednesday",
  title = "Twitter To Surpass 500 Million Registered Users On {W}ednesday",
  note = "\url{http://www.mediabistro.com/alltwitter/500-million-registered-users_b18842}",
}


@inproceedings{DBLP:conf/lisa/Brutlag00,
  author    = {Jake D. Brutlag},
  title     = {Aberrant Behavior Detection in Time Series for Network Monitoring},
  booktitle = {LISA},
  year      = {2000},
}

@inproceedings{problemdetect,
        author={Narendra Gupta},
        booktitle={Proc. of ACM SWSM},
        title={{Extracting descriptions of problems with product and service from twitter data}},
        year={2011},
}

@inproceedings{sentiment,
  author    = {Luciano Barbosa and
               Junlan Feng},
  title     = {Robust Sentiment Detection on Twitter from Biased and Noisy
               Data},
  booktitle = {Proc. of COLING},
  year      = {2010},
}


@inproceedings{earthquake,
  author    = {Takeshi Sakaki and
               Makoto Okazaki and
               Yutaka Matsuo},
  title     = {Earthquake shakes Twitter users: real-time event detection
               by social sensors},
  booktitle = {Proc. of WWW},
  year      = {2010},
}

@inproceedings{wavelet,
  author    = {Jianshu Weng and
               Bu-Sung Lee},
  title     = {Event Detection in Twitter},
  booktitle = {Proc. of AAAI ICWSM},
  year      = {2011},
}


@inproceedings{pLSA,
  author    = {Thomas Hofmann},
  title     = {Probabilistic Latent Semantic Indexing},
  booktitle = {Proc. of ACM SIGIR},
  year      = {1999},
}

@article{LDA,
  author    = {David M. Blei and
               Andrew Y. Ng and
               Michael I. Jordan},
  title     = "Latent {Dirichlet} Allocation",
  journal   = {Journal of Machine Learning Research},
  year      = {2003},
}


@inproceedings{listentome,
  author    = {Tongqing Qiu and
               Junlan Feng and
               Zihui Ge and
               Jia Wang and
               Jun Xu and
               Jennifer Yates},
  title     = {Listen to me if you can: tracking user experience of mobile
               network on social media},
  booktitle = {Proc. of ACM IMC},
  year      = {2010},
}

@article{stock,
  author    = {Johan Bollen and
               Huina Mao and
               Xiao-Jun Zeng},
  title     = {Twitter mood predicts the stock market},
  journal   = {Journal of Computational Science},
  year      = {2010},
}

@inproceedings{stock2,
  author    = {Eduardo Ruiz and Vagelis Hristidis and Carlos Castillo and Aristides Gionis and Alejandro Jaimes},
  title     = {Correlating Financial Time Series with Micro-Blogging Activity},
  booktitle = {Proc. of ACM WSDM},
  year      = {2012},
}

@inproceedings{DBLP:conf/cikm/ChengCL10,
  author    = {Zhiyuan Cheng and
               James Caverlee and
               Kyumin Lee},
  title     = {You are where you tweet: a content-based approach to geo-locating
               twitter users},
  booktitle = {Proc. of ACM CIKM},
  year      = {2010},
}


@misc{babble,
  key = "Pear Analytics on Twitter",
  title = "Pear Analytics on Twitter",
  note = "\url{http://www.pearanalytics.com/blog/wp-content/uploads/2010/05/Twitter-Study-August-2009.pdf}",
}

@misc{TFIDF,
  key = "TF-IDF",
  title = "{TF-IDF}",
  note = "\url{http://en.wikipedia.org/wiki/Tf*idf}",
}

@misc{twitterAPI,
  key = "Twitter API",
  title = "Twitter API",
  note = "\url{https://dev.twitter.com/docs}",
}

@misc{tweet-speed,
  key = "Tweeting speed",
  title = "Tweeting speed",
  note = "\url{http://www.tweespeed.com/}",
}



@inproceedings{online-services,
  author    = {Marti Motoyama and Brendan Meeder and Kirill Levchenko and Stefan Savage and Geoffrey M. Voelker},
  title     = {Measuring Online Service Availability Using Twitter},
  booktitle = {Proc. of ACM WOSN},
  year      = {2010},
}


@inproceedings{matrix-factorization2,
  author    = {Ankan Saha and
               Vikas Sindhwani},
  title     = {Learning evolving and emerging topics in social media: a
               dynamic {NMF} approach with temporal regularization},
  booktitle = {Proc of ACM WSDM},
  year      = {2012},
}

@misc{foursquare/API,
  key = "foursquare/API",
  title = "Foursquare {API}",
  note = "\url{http://developer.foursquare.com/docs/}",
}


@misc{mobile-sensing1,
  key="mobile sensing 1",
  title = "Mobile Sensing Group at Dartmouth",
  note = "\url{http://sensorlab.cs.dartmouth.edu/}",
}

@misc{mobile-sensing2,
   key = "mobile sensing 2",
   title = "Mobile Sensing",
   note = "\url{http://www.mobilesensing.org/}",
}

@misc{mobile-sensing3,
   key = "mobile sensing 3",
   title = "Mobile Sensor Networks",
   author = "University of Texas at Arlington",
   note = "\url{http://arri.uta.edu/smart_micromachines/distributed_devices/mobile_sensor_networks.html}",
}

@article{SDPLR,
  author = "Zizhou Wang and Song Zheng and Stephen Boyd and Yinyu Ye",
  title = "Further Relaxations of the {SDP} Approach to Sensor Network Localization",
  note = "\url{http://www.stanford.edu/~yyye/relaxationsdp9.pdf}",
}

@InProceedings{SDP,
  author = "P. Biswas and Y. Ye",
  title = "Semidefinite Programming for Ad Hoc Wireless Sensor Network Localization",
  booktitle = "Proc. of 3rd IPSN",
  year = "2004",
}

@article{SDP-noise,
  author = "P. Biswas and T. C. Liang and K. C. Toh and Y. Ye",
  title = "Semidefinite Programming Approaches for Sensor Network Localization with Noisy Distance Measurements",
  journal = "IEEE Transactions on Automation Science and Engineering",
}

@InProceedings{crowding,
  author = "Ahamed Mohammed",
  title = "A modified random way-point model equalized for the node crowding effect",
  booktitle = "Proc. of ICCCN",
  year = "2005",
}

@article{compressive1,
  author="E. Candes and T. Tao",
  title = "Near optimal signal recovery from random projections: Universal encoding strategies",
  journal = "IEEE Trans. on Information Theory",
  vol = "52(12):54065425",
  year = "2006",
}

@article{compressive2,
  author = "D. Donoho",
  title = "Compressed sensing",
  journal = "IEEE Trans. on Information Theory",
  vol = "52(4):12891306",
  year = "2006",
}


@misc{OFDM,
  author = "Wikipedia",
  title = "Orthogonal frequency division multiplexing",
  note = "\url{http://en.wikipedia.org/wiki/Orthogonal_frequency-division_multiplexing}",
}


@misc{wiki:multilinear,
  author = "Wikipedia",
  title = "Multilinear algebra",
  note = "\url{http://en.wikipedia.org/wiki/Multilinear_algebra}",
}


@InProceedings{server-inf,
   author = "Venkata N. Padmanabhan and Lili Qiu and Helen Wang",
   title = "Server-based Inference of {I}nternet Performance",
   booktitle = "Proc. of IEEE INFOCOM",
   month = "Mar.",
   year = "2003",
}

@InProceedings{M-metric,
  author = "H. Tang",
  title = "Some Physical Layer Issues of Wide-Band Cognitive Radio Systems",
  booktitle = "Proc. of IEEE International Symposium on New Frontiers in Dynamic Spectrum Access Networks",
  month = "Nov.",
  year = "2005",
}

@InProceedings{channel-width,
  author = "Ranveer Chandra and Ratul Mahajan and Thomas Moscibroda and Ramya Raghavendra and Paramvir Bahl",
  title = "A Case for Adapting Channel Width in Wireless Networks",
  booktitle = "Proc. of ACM SIGCOMM",
  month = "Aug.",
  year = "2008",
}

@InProceedings{swift,
  author = "Hariharan Rahul and Nate Kushman and Dina Katabi and Charles Sodini and Farinaz Edalat",
  title = "Learning to Share: Narrowband-Friendly Wideband Wireless Networks",
  booktitle = "Proc. of ACM SIGCOMM",
  month = "Aug.",
  year = "2008",
}

@article{ITU2,
  key = "ITU2",
  title = "Propagation Data and Prediction Methods for the Planning of Short-Range Outdoor Radio Communication Systems and Radio Local Area Networks in the Frequency Range 300 Mhz to 100 GHz",
  journal = "Recommendation ITU-R P.1411",
  year = "1999",
}

@article{ITU1,
  key = "ITU1",
  title = "Propagation Data and Prediction Methods for the Planning of Indoor Radio Communication Systems and Radio Local Area Networks in the Frequency Range 900 Mhz to 100 Ghz",
  journal = "Recommendation ITU-R P.1238-1",
  year = "1999",
}

@InProceedings{ZigZag,
  author = "Shyamnath Gollakota and Dina Katabi",
  title = "ZigZag Decoding: Combating Hidden Terminals in Wireless Networks",
  booktitle = "Proc. of ACM SIGCOMM",
  year = "2008",
}

@InProceedings{PPR,
  author = "Kyle Jamieson and Hari Balakrishnan",
  title = "{PPR}: Partial Packet Recovery for Wireless Networks",
  booktitle = "Proc. of ACM SIGCOMM",
  year = "2007",
}

@InProceedings{SOFT,
  author = "Grace Woo and Pouya Kheradpour and Dawei Shen and Dina Katabi",
  title = "Beyond the Bits: Cooperative Packet Recovery Using Physical Layer Information",
  booktitle = "Proc. of ACM MOBICOM",
  year = "2007",
}

@InProceedings{CAZ,
  author = "J. Citrene and A. Affandi and G. E. Zein",
  title = "Investigation on Frequency Dependence of Indoor Radio Propagation Parameters",
  booktitle = "IEEE VTC",
  year = "1999",
}

@InProceedings{FARA,
  title = "{FARA}: Frequency-aware Rate Adaptation and MAC",
  author = "Hariharan Rahul and Farinaz Edalat and Dina Katabi and Charles Sodini",
  booktitle = "Proc. of ACM MobiCom",
  month = "Sept.",
  year = "2009",
}

@InProceedings{KNOWS,
  author = "Thomas Moscibroda and Ranveer Chandra and Yunnan Wu and Sudipta Sengupta and Paramvir Bahl and Yuan Yuan",
  title = "Load-Aware Spectrum Distribution in Wireless LANs",
  booktitle = "Proc. of ICNP",
  year = "2007",
}

@misc{lte,
  author = "Wikipedia",
  title = "{3GPP} Long Term Evolution",
  note = "\url{http://en.wikipedia.org/wiki/3GPP_long_term_evolution}",
}

@InProceedings{BVR,
   author = "R. Fonseca and S. Ratnasamy and J. Zhao and C. T. Ee and David Culler and Scott Shenker and Ion Stoica",
   title = "{Beacon Vector Routing: Scalable Point-to-Point Routing in Wireless Sensornets}",
   booktitle = "Proc. of NSDI'05",
   month = "May",
   year = "2005",
}

@book{bayesian-inference,
  author = "H. L. Harney",
  title = "Bayesian Inference",
  publisher = "Springer",
  year = "2003",
}

@InProceedings{SMACK,
  author = "A. Dutta and D. Saha and D. Grunwald and D. Sicker",
  title = "SMACK - A SMart ACKnowledgment Scheme for Broadcast Messages in Wireless Networks",
  booktitle = "Proc. of ACM SIGCOMM",
  year = "2009",
}

@journal{SS08,
  author = "S. Shakkottai",
  title = "Effective capacity and QoS for wireless scheduling",
  journal="IEEE Transactions on Automatic Control",
  vol="53(3):749761",
  month = "Feb",
  year = "2008",
}

@journal{SSS04,
 author = "S. Shakkottai and R. Srikant and A. Stolyar",
 title = "Pathwise optimality of the exponential scheduling rule for
wireless channels",
 journal = "Ann. Appl. Prob.",
 vol = "36(4):10211045",
 month = "Dec.",
 year = "2004",
}

@journal{SS02,
 author = "S. Shakkottai and A. Stolyar",
 title = "Scheduling for multiple flows sharing a time-varying channel: The exponential rule",
 journal="Ann. Math. Statist.",
 vol = "207:185202",
 year = "2002",
}

@journal{S04,
  author = "A. Stolyar",
  title = "MaxWeight scheduling in a generalized switch: State space collapse and workload minimization in heavy traffic",
  journal = "Ann. Appl. Prob.",
  vol = "14(1)",
  year = "2004",
}


@journal{S08,
 author = "A. Stolyar",
 title = "Large deviations of queues sharing a randomly time-varying server. Queueing Systems",
 vol = "59:135",
 year = "2008",
}

@journal{TE92,
 author = "L. Tassiulas and A. Ephremides",
 title = "Stability properties of constrained queueing systems and scheduling
policies for maximum throughput in multihop radio
networks",
 journal = "IEEE Trans. Automat. Contr.",
 vol = "4:19361948",
 month = "December",
 year = "1992",
}

@journal{TE93,
  author = "L. Tassiulas and A. Ephremides",
  title = "Dynamic server allocation to parallel queues with randomly varying
connectivity",
  journal = "IEEE Trans. Inform. Theory",
  vol = "39:466478",
  month = "March",
  year = "1993",
}


@InProceedings{joint-channel-assign,
 author = "X. Lin and S. Rasool",
 title = "A Distributed Joint Channel-Assignment, Scheduling and Routing Algorithm for Multi-Channel Ad Hoc Wireless Networks",
 booktitle = "Proc. of IEEE INFOCOM",
 year = "2007",
}

@InProceedings{philips-demo,
 title = "Demonstration of a prototype dynamic spectrum access system",
 author = "Philips Research",
 booktitle = "DySpan demo session",
 year = "2008",
}

@InProceedings{dyspan08,
  author = "R. E. D. Borth and B. Oberlie",
  title = "Considerations for Successful Cognitive Radio Systems in US TV White Space",
  booktitle = "Proc. of DySpan",
  year = "2008",
}

@InProceedings{mining-spectrum,
  author = "Dawei Chen and Sixing Yin and Qian Zhang and Mingyan Liu and Shufang Li",
  title = "Mining Spectrum Usage Data: a Large-scale Spectrum Measurement Study", 
  booktitle = "Proc. of ACM MobiCom",
  month = "Sept.",
  year = "2009",
}

@InProceedings{White-access,
  author = "Supratim Deb and Vikram Srinivasan and Ritesh Maheshwari",
  title = "Dynamic Spectrum Access in DTV Whitespaces: Design Rules, Architecture and Algorithms", 
  booktitle = "Proc. of ACM MobiCom",
  month = "Sept.",
  year = "2009",
}

@InProceedings{sensing-survey,
  author = "T. Yucek and H. Arslan",
  title = "A Survey of Spectrum Sensing Algorithms for Cognitive Radio Applications",
  booktitle = "IEEE Communications Surveys \& Tutorials",
  year = "2009",
}

@InProceedings{robust-sensing,
  author = "Ruiliang Chen and Jung Min Park and Kaigui Bian",
  title = "Robust Distributed Spectrum Sensing in Cognitive Radio Networks",
  booktitle = "Proc. of IEEE INFOCOM",
  year = "2008",
}

@InProceedings{quickest-sensing,
  author = "Husheng Li and Chengzhi Li and Huaiyu Dai",
  title = "Quickest Spectrum Sensing in Cognitive Radio",
  booktitle = "Proc. of Information Sciences and Systems",
  year = "2008",
}

@InProceedings{compressive-spec-sensing,
  author = "Yvan Lamelas Polo and Ying Wang and Ashish Pandharipande and Geert Leus",
  title = "Compressive Wide-Band Spectrum Sensing",
  booktitle = "Proc. of IEEE International Conference on Acoustics, Speech, and Signal Processing",
  year = "2009",
}

@InProceedings{sensing-tutorial,
  author = "Anant Sahai and Danijela Cabric",
  title = "Spectrum Sensing: Fundamental Limits and Practical Challenges",
  booktitle = "Dyspan Tutorial",
  year = "2005",
}

@InProceedings{sensing-cooperative,
  author = "Jayakrishnan Unnikrishnan and Venugopal V. Veeravalli",
  title = "Cooperative Spectrum Sensing and Detection for Cognitive Radio",
  booktitle = "IEEE Globecom",
  year = "2007",
}

@InProceedings{sensing-low-snr,
  author = "Zhi Quan and Stephen J. Shellhammer and Wenyi Zhang and Ali H. Sayed",
  title = "Spectrum Sensing by Cognitive Radios at Very Low SNR",
  booktitle = "IEEE Globcom",
  year = "2009",
}

@InProceedings{WhiteFi,
  author = "Paramvir Bahl and Ranveer Chandra and Thomas Moscibroda and Rohan Murty and Matt Welsh",
  title = "White Space Networking with WiFi Like Connectivity",
  booktitle = "Proc. of ACM SIGCOMM",
  month = "Aug.",
  year = "2009",
}

@InProceedings{sensing-impl,
  author = "Danijela Cabric and Shridhar Mubarq Mishra and Robert W. Brodersen",
  title = "Implementation Issues in Spectrum Sensing for Cognitive Radios",
  month = "",
  year = "2004",
}

@InProceedings{sensing-distr,
  author = "Claudio R. C. M. da Silva and Brian Choi and Kyouwoong Kim",
  title = "Distributed Spectrum Sensing for Cognitive Radio Systems",
  booktitle = "Information Theory and Applications",
  year = "2007",
}

@InProceedings{sensing-wavelet-tian,
  author = "Zhi Tian and Georgios B. Giannakis",
  title = "A Wavelet Approach to Wideband Spectrum Sensing for Cognitive Radios",
  booktitle = "Proc. of CROWNCOM",
  year = "2006",
}

@InProceedings{sensing-IEEE802.22,
  author = "Stephen J. Shellhammer",
  title = "Spectrum Sensing in {IEEE} 802.22",
  booktitle = "Proc. of IAPR Workshop on Cognitive Information Processing",
  year = "2008",
}

@InProceedings{sensing-spatio-temporal,
  author = "Chandrasekharan Raman and Janani Kalyanam and Ivan Seskar and Narayan Mandayam",
  title = "Distributed Spatio-Temporal Spectrum Sensing: An Experimental Study",
  booktitle = "Proc. of Asilomar",
  year = "2007",
}

@InProceedings{tsitsiklis-athans,
  author = "J. N. Tsitsiklis and M. Athans",
  title = "On the complexity of decentralized decision making and detection problems",
  journal = "IEEE Transactions on Automatic Control",
  vol = 30,
  pages = "440-446",
  month = "May",
  year = "1985",
}

@InProceedings{ear,
  author = "Kyu-Han Kim and Kang G. Shin",
  title = "On Accurate Measurement of Link Quality in Multi-hop Wireless Mesh Networks",
  booktitle = "Proc. of ACM MOBICOM",
  month = "Sept.",
  year = "2006",
}

@InProceedings{ref-point,
   author = "Xiaoyan Hong and Mario Gerla and Guangyu Pei and Ching-chuan Chiang",
   title = "A group mobility model for ad hoc wireless networks",
   booktitle = "Proc. of ACM/IEEE MSWiM",
   year = "1999",
}

@InProceedings{fluid-flow,
   author = "H. Xie and S. Tabbane and D. J. Goodman",
   title = "Dynamic Location Area Management and Performance Analysis",
   booktitle = "Proc. of VTC",
   month = "May",
   year = "1993",
}

% 2
@article{random-walk,
  author = "T. Camp and J. Boleng and V. Davies",
  title = "A Survey of Mobility Models for Ad Hoc Network Research",
  journal = "Wireless Communication and Mobile Computing (WCMC): Special issue on Mobile Ad Hoc Networking: Research, Trends and Applications",
  vol = "2(5)",
  year = "2002",
}

% 10
@article{random-waypoint-nonuniform1,
  author = "C. Bettstetter",
  title = "Mobility Modeling in Wireless Networks: Categorization, Smooth Movement, and Border Effects",
  journal = "ACM Mobile Computing and Communications Review (MC2R)",
  vol = "5(3)",
  month = "Jul.",
  year = "2001",
}

% 11
@InProceedings{random-waypoint-nonuniform2,
  author = "D. M. Blough and G. Resta and P. Santi",
  title = "A statistical analysis of the long-run node spatial distribution in mobile ad hoc networks",
  booktitle = "Proc. of ACM International Workshop on Modeling, Analysis and Simulation of Wireless and Mobile Systems(MSWiM)",
  month = "Sept.",
  year = "2002",
}

@InProceedings{mobility-ucsb2,
  author = "Amit Jardosh and Elizabeth M. Belding-Royer and Kevin C. Almeroth and and Subhash Surid",
  title = "Towards Realistic Mobility Models for Mobile Ad hoc Networks",
  booktitle = "Proc. of ACM MOBICOM",
  month = "Sept.",
  year = "2003",
}

% 12
@InProceedings{mobility-ucsb,
  author = "E. M. Royer and P. M. Melliar-Smith and L. E. Moser",
  title = "An Analysis of the Optimum Node Density for Ad hoc Mobile Networks",
  booktitle = "Proc. of ICC",
  month = "Jun.",
  year = "2001",
}

% 13
@InProceedings{gauss-markov,
  author = "B. Liang and Z. J. Haas",
  title = "Predictive Distance-Based Mobility Management for {PCS} Networks",
  booktitle = "Proc. of IEEE INFOCOM",
  month = "Apr.",
  year = "1999",
}

% 15.
@InProceedings{smooth-random,
  author = "C. Bettstetter",
  title = "Smooth is Better than Sharp: A Random Mobility Model for Simulation of Wireless Networks",
  booktitle = "Proc. of ACM Intern. Workshop on Modeling, Analysis, and Simulation of Wireless and Mobile Systems (MSWiM)",
  month = "Jul.",
  year = "2001",
}

@misc{wiki:vnet,
  author = {Wikipedia},
  title = {Vehicular ad-hoc network},
  note = "\url{http://en.wikipedia.org/wiki/VANET}",
}

@misc{car2car,
  key = "car2car",
  title = "{Car2Car} Communication Consortium",
  note = "\url{http://www.car-to-car.org}",
}

@misc{bmw,
  key = "bmw",
  title = "{BMW car2car communication development}",
  note = "{\url{http://www.motorauthority.com/bmw-enlists-in-car-2-car-communications-development.html}}",
}

@misc{toyota-honda,
  key = "toyota-honda",
  title = "{Toyota and Honda vehicle-to-vehicle communication systems}",
  note = "{\url{http://www.motorauthority.com/toyota-and-honda-start-testing-vehicle-to-vehicle-communications-systems.html}}",
}

@InProceedings{vnet-ratul,
  author = "Aruna Balasubramanian and Ratul Mahajan and Arun Venkataramani and Brian Levine and John Zahorjan",
  title = "Interactive {WiFi} Connectivity For Moving Vehicles",
  booktitle = "Proc. of ACM SIGCOMM",
  month = "Aug.",
  year = "2008",
}

@InProceedings{Cabernet,
  author = "Jakob Eriksson and Hari Balakrishnan and Samuel Madden",
  title = "Cabernet: Vehicular Content Delivery Using {WiFi}",
  booktitle = "Proc. of ACM MOBICOM",
  month = "Sept.",
  year = "2008",
}

@InProceedings{vnet-web,
  author = "Aruna Balasubramanian and Brian Levine and Arun Venkataramani",
  title = "Enhancing Interactive Web Applications in Hybrid Networks",
  booktitle = "Proc. of ACM MOBICOM",
  month = "Sept.",
  year = "2008",
}

@InProceedings{vnet-analysis,
  author = "Nilanjan Banerjee and Mark Corner and Don Towsley and Brian Levine",
  title = "Relays, Base Stations, and Meshes: Enhancing Mobile Networks with Infrastructure",
  booktitle = "Proc. of ACM MOBICOM",
  month = "Sept.",
  year = "2008",
}


@misc{wiki:max-match,
  author = {Wikipedia},
  title = {Matching},
  note = "\url{http://en.wikipedia.org/wiki/Matching}",
}

@InProceedings{knightly-08,
   author = "J. Camp and V. Mancuso and O. Gurewitz and E. Knightly",
   title = "A Measurement Study of Multiplicative Overhead Effects in Wireless Networks",
   booktitle = "Proc. of IEEE INFOCOM",
   month = "Apr.",
   year = "2008",
}


@Misc{donoho-L1-2,
 author = "D. Donoho",
 title = "For Most Large Underdetermined Systems of Linear Equations, the minimal {L1}-norm solution is also the sparsest solution",
 note = "\url{http://www-stat.stanford.edu/~donoho/Reports/2004/l1l0EquivCorrected.pdf}",
}

@misc{wiki:cheby-ineq,
  author = {Wikipedia},
  title = {Chebyshev's Inequality},
  note = "\url{http://en.wikipedia.org/wiki/Chebyshev's_inequality}",
}

@book{Lind72,
  author = "D. V. Lindley",
  title = "Bayesian Statistics -- A Review",
  publisher = "SIAM",
  address = "Philadelphia, PA",
  year = "1972",
}

@InProceedings{prop-fair,
  author = "B. Randunovi and J. Y. L. Boudec",
  title = "Rate Performance Objectives of Multihop Wireless Networks",
  booktitle = "Proc. of IEEE INFOCOM",
  month = "Apr.",
  year = "2004",
}

@InProceedings{sigcomm08-lili,
  author="Y. Li and L. Qiu and Y. Zhang and R. Mahajan and E. Rozner",
  title = "Predictable Performance Optimization for Wireless Networks",
  booktitle = "Proc. of ACM SIGCOMM",
  month = "Aug.",
  year = "2008",
}

@article{ chaloner95bayesian,
  author = "K. Chaloner and I. Verdinelli",
  title = "Bayesian experimental design: A review",
  journal = "Statistical Science",
  volume = "10",
  pages = "273--304",
  year = "1995",
  note = "\url{http://citeseer.ist.psu.edu/chaloner95bayesian.html}"
}


@article{bayesian-exp-design1,
  author = "M. A. Clyde",
  title = "Experimental Design: A {Bayesian} Perspective",
  journal = "International Encyclopia Social and Behavioral Sciences",
  month = "Apr.",
  year = "2001",
}
@misc{breakfast-bytes,
     key = {breakfast-bytes},
     title = {University of {T}exas {B}reakfast {B}ytes Outreach Program},
     note = {\url{http://outreach.cs.utexas.edu/breakfastbytes/}},
}

@InProceedings{rate01,
  author = "G. Holland and N. Vaidya and P. Bahl",
  title = "A Rate-Adaptive {MAC} Protocol for Multihop Wireless Networks",
  booktitle = "Proc. of ACM MOBICOM",
  month = "Jul.",
  year = "2001",
}

@InProceedings{rate02,
  author = "B. Sadeghi and V. Kanodia and A. Sabharwal and E. Knightly",
  title = "Opportunistic Media Access for Multirate Ad Hoc Networks",
  booktitle = "Proc. of ACM MOBICOM",
  month = "Sept.",
  year = "2002",
}

@InProceedings{rate04,
  author = "M. Lacage and M. H. Manshaei and T. Turletti",
  title = "{IEEE} 802.11 Rate Adaptation: A Practical Approach",
  booktitle = "Proc. of ACM MSWiM",
  month = "Oct.",
  year = "2004",
}

@InProceedings{rate06,
  author = "S. H.Y. Wong and H. Yang and S. Lu and V. Bharghavan",
  title = "Robust Rate Adaptation in 802.11 Wireless Networks",
  booktitle = "Proc. of ACM MOBICOM",
  month = "Sept.",
  year = "2006",
}

@InProceedings{erran-coding,
  author = "L. Li and R. Ramjee and M. Buddhikot and S. Miller",
  title = "Network-coding based broadcast in Mobile Ad-hoc Networks",
  booktitle = "Proc. of IEEE INFOCOM",
  month = "Apr.",
  year = "2007",
}

@article{network-coding,
  author = "R. Ahlswede and N. Cai and S. R. Li and R. W. Yeung",
  title = "Network Information Flow",
  journal = "IEEE Transactions on Information Theory",
  vol = "46(4)",
  month = "Jul.",
  year = "2000",
}

@article{Medard-coding1,
  author = "R. Koetter and M. Medard",
  title = "An Algebraic Approach to Network Coding",
  journal = "IEEE/ACM Transactions on Networking",
  vol = "11(5)",
  pages = "782-795",
  month = "Oct.",
  year = "2003",
}

@article{baochun-coding1,
   author = "Z. Li and B. Li and L. C. Lau",
   title = "On Achieving Maximum Multicast Throughput in Undirected Networks",
   journal = "IEEE Transactions on Information Theory \& IEEE/ACM Transactions on Networking (Special Issue on Networking and Information)",
   month = "Jun.",
   year = "2006",
}

@InProceedings{applegate03oblivious,
  author =       {David Applegate and Edith Cohen},
  title  =       {Making intra-domain routing robust to changing and uncertain traffic demands: understanding fundamental tradeoffs},
  booktitle =    "{Proc. of ACM SIGCOMM}",
  month = {Aug.},
  year =         "2003",
}

@InProceedings{ABC04,
  author =       {David Applegate and Lee Breslau and Edith Cohen},
  title =        {Coping with Network Failures: Routing Strategies for Optimal Demand Oblivious Restoration},
  booktitle =    "{Proc. of ACM SIGMETRICS}",
  month = {Jun.}, 
  year =         2004,
}

@InProceedings{suman-mobicom06,
    author = "A. Mishra and V. SHrivastava and D. Agarwal and S. Banerjee and S. Ganguly",
    title = "{Distributed Channel Management in Uncoordinated Wireless Environments}",
    booktitle = "Proc. of ACM MOBICOM",
    month = "Sept.",
    year = "2006",
}

@misc{stochastic-prog2,
  key = "Stochastic Programming",
  title = "Stochastic Programming Community",
  note = "\url{http://stoprog.org/}",
}

@book {stochastic-prog1,
    AUTHOR = "J. R. Birge and F. Louveaux",
     TITLE = {Introduction to Stochastic Programming},
 PUBLISHER = {Springer-Verlag},
   ADDRESS = {Berlin},
      YEAR = {2000},
     PAGES = {421},
      ISBN = {0387982175},
}

@article{tutorial-IMA2003,
  author = "L. E. Ghaoui",
  title = "Robust Optimization: Applications in Control and Machine Learning Problems",
  journal = "IMA Tutorial",
  month = "Mar.",
  year = "2003",
  note = "\url{http://www.ima.umn.edu/optimization/winter/t3.html}",
}

@InProceedings{streaming-workload,
   author = "M. Chesire and A. Wolman and G. M. Voelker and H. M. Levy",
   title = "Measurement and analysis of a streaming-media workload",
   booktitle = "Proc. of 3rd USENIX Sympsoium on Internet Technologies and Systems",
   month = "Mar.",
   year = "2001",
}

@InProceedings{content-distr,
   author = "S. Saroiu and K. P. Gummadi and R. J. Dunn and S. D. Gribble and H. M. Levy",
   title = "An Analysis of {I}nternet Content Delivery Systems",
   booktitle = "Proc. of the 5th Symposium on Operating Systems Design and Implementation (OSDI)",
   month = "Dec.",
   year = "2002",
}

@inproceedings{salonidis-model,
  title={Identifying High Throughput Paths in 802.11 Mesh Networks: a Model-based Approach},
  author={T. Salonidis and M. Garetto and A. Saha and E. Knightly},
  booktitle={Proc. of ICNP},
  year={2007},
  month = {Oct.},
}

@InProceedings{Garetto06:Infocom,
   author = "M. Garetto and T. Salonidis and and E. Knightly",
   title = "Modeling Per-flow Throughput And Capturing Starvation in {CSMA} Multi-hop Wireless Networks",
   booktitle = "Proc. of IEEE INFOCOM",
   month = "Mar.",
   year = "2006",
}

@InProceedings{stony-brook-model,
  author = "A. Kashyap and S. Das and S. Ganguly",
  title = "A Measurement-Based Approach to Modeling Link Capacity in 802.11-based Wireless Networks",
  booktitle = "Proc. of ACM MOBICOM",
  month = "Sept.",
  year = "2007",
}

@InProceedings{coding-based-routing,
  author = "S. Sengupta and S. Rayanchu and S. Banerjee",
  title = "An Analysis of Wireless Network Coding for Unicast Sessions: The Case for Coding-Aware Routing",
  booktitle = "Proc. of IEEE INFOCOM",
  month = "Apr.",
  year = "2007",
}

@InProceedings{bianchi,
    author = "G. Bianchi",
    title = "Performance Analysis of the {IEEE} 802.11 Distributed Cordination Function",
    booktitle = "IEEE Journal on Selected Areas in Communications",
    vol = "18",
    no = "3",
    month = "Mar.",
    year = "2000",
}

@InProceedings{wit,
  author = "R. Mahajan and M. Rodrig and D. Wetherall and J. Zahorjan",
  title = "Analyzing the MAC-level Behavior of Wireless Networks",
  booktitle = "Proc. of SIGCOMM",
  year = "2006",
}

@Article{journals/ccr/BhagwatRS04,
  title =	"Turning 802.11 inside-out",
  author =	"Pravin Bhagwat and Bhaskaran Raman and Dheeraj
		 Sanghi",
  journal =	"Computer Communication Review",
  year = 	"2004",
  number =	"1",
  volume =	"34",
  bibdate =	"2006-02-09",
  bibsource =	"DBLP,
		 \url{http://dblp.uni-trier.de/db/journals/ccr/ccr34.html#BhagwatRS04}",
  pages =	"33--38",
  URL =  	"\url{http://doi.acm.org/10.1145/972374.972381}",
}

@article{802.11,
   author = "L. M. S. C. of the {IEEE} Computer Society",
   title = "Wireless {LAN} medium access control {(MAC)} and physical layer {(PHY)} specifications",
   journal = "{IEEE} Standard 802.11",
   year = "1999",
}

@misc{MORE-code,
  title = "MORE source code",
  key = "MORE-code",
  note = "\url{http://people.csail.mit.edu/szym/more/README.html}",
}

@InProceedings{infocom08-or,
  author = "K. Zeng and W. Lou and H. Zhai",
  title = "On End-to-End Throughput of Opportunistic Routing in Multirate and Multihop Wireless Networks",
  booktitle = "Proc. of IEEE INFOCOM",
  month = "Apr.",
  year = "2008",
}

@InProceedings{least-cost,
  author = "H. Dubois-Ferrier and M. Grossglauser and M. Vetterli",
  title = "Least-Cost Opportunistic Routing",
  booktitle = "Proc. of Allerton Conference on Communication, Control, and Computing",
  month = "Sept.",
  year = "2007",
}

@misc{nuttcp,
  key="nuttcp",
  title = "nuttcp",
  note = "\url{http://sd.wareonearth.com/~phil/net/ttcp/}",
}

@misc{seattle-mesh,
  key = "Seattle Mesh",
  note = {\url{http://www.seattlewireless.net}},
  title = "Seattle Wireless",
}

@misc{wifi-wired,
  note = {\url{http://www.wired.com/gadgets/wireless/news/2005/10/68999}},
  key = "wifi-wired",
  title = "Cities Unleash Free {Wi-Fi}"
}

@misc{dubai,
   note = {\url{http://www.informationweek.com/story/showArticle.jhtml?articleID=204204105&cid=RSSfeed_IWK_News}},
   key = "wifi-mesh-dubai-tower",
   title = "Firetide Mesh Network Connects Workers On 2,275-Ft Dubai Tower",
}

@misc{wifi-uk,
  note = {\url{http://news.bbc.co.uk/2/hi/technology/4578114.stm}},
  key = "wifi-uk",
  title = "City-wide {Wi-Fi} rolls out in {UK}",
}

@InProceedings{EAX,
  author = "Z. Zhong and S. Nelakuditi",
  title = "On the Efficacy of Opportunistic Routing",
  booktitle = "Proc. of IEEE SECON",
  month = "Jun.",
  year = "2007",
}

@InProceedings{TCP-van,
  author = "V. Jacobson",
  title = "Congestion avoidance and control",
  booktitle = "Proc. of ACM SIGCOMM",
  month = "Aug.",
  year = "1988",
}

%journal = "Internet Engineering Task Force Internet DRAFT",
@article{TCPRTO-RFC,
  author = "V. Paxson and M. Allman",
  title = "Computing {TCP}'s Retransmission Timer",
  journal = "IETF Internet DRAFT",
  year = "2000",
  note = "\url{http://www3.ietf.org/proceedings/00jul/I-D/paxson-tcp-rto-01.txt}",
}

@InProceedings{selfish-DTN,
  author = "Upendra B. Shevade and Han Hee Song and Lili Qiu and Yin Zhang",
  title = "Incentive-Aware Routing in {DTN}s",
  booktitle = "Proc. of ICNP",
  month = "Oct.",
  year = "2008",
}

@article{SOAR-TMC,
  author = "E. Rozner and J. Seshadri and Y. Mehta and L. Qiu",
  title = "SOAR: Simple Opportunistic Routing for Wireless Mesh Networks",
  journal = "IEEE Transactions on Mobile Computing",
  month = "Dec.",
  year = "2009",
}


@InProceedings{SOAR-WiMesh,
  author = "E. Rozner and J. Seshadri and Y. Mehta and L. Qiu",
  title = "Simple Opportunistic Routing for Wireless Mesh Networks",
  booktitle = "Proc. of Second IEEE Workshop on Wireless Mesh Networks",
  month = "Sept.",
  year = "2006",
}

@InProceedings{Jitu-Tbit,
  author = "J. Padhye and S. Floyd",
  title = "On Inferring TCP Behavior",
  booktitle = "Proc. of ACM SIGCOMM",
  year = "2001",
}

@misc{ns2,
  key = "ns2",
  title = "The Network Simulator -- ns-2",
  note = "\url{http://www.isi.edu/nsnam/ns/}",
}


@InProceedings{mac-anycast,
  author = "S. Jain and S. Das",
  title = "Exploiting path diversity in the link layer in wireless ad hoc networks",
  booktitle = "Proc. of the 6th IEEE WoWMoM Symposium",
  month = "Jun.",
  year = "2005",
}

@InProceedings{EXOR,
  author = "S. Biswas and R. Morris",
  title = "{ExOR:} Opportunistic Multi-Hop Routing for Wireless Networks",
  booktitle = "Proc. of ACM SIGCOMM",
  month = "Aug.",
  year = "2005",
}

@misc{Catalis,
  key = "catalis",
  title = "Catalis",
  note = "\url{http://www.thecatalis.com}",
}

@misc{atheros,
  key = "atheros",
  title = "Open Source HAL for Atheros 802.11 a/b/g (ar5k)",
  note = "\url{http://team.vantronix.net/ar5k/}",
}

@misc{mesh-kit,
  key = "mesh-kit",
  title = "Microsoft's Academic Resource Toolkit",
  note = "\url{http://research.microsoft.com/netres/software.aspx}",
}

@misc{click,
  key = "click",
  title = "Click",
  note = "\url{http://pdos.csail.mit.edu/click/}",
}

@misc{citeseer,
  key="citeseer",
  title = "CiteSeer",
  note = "\url{http://citeseer.ist.psu.edu/}",
}

@article{multipath01,
   author = "D. Ganesan and R. Govindan and S. Shenker and D. Estrin",
   title = "High-Resilient, Energy-Efficient Multipath Routing in Wireless Sensor Networks",
   journal = "Mobile Computing and Communication Review",
   vol = "5",
   no = "4",
   month = "Oct.",
   year = "2001",
   nonote = "braided multipath"
}

@InProceedings{multipath99,
   author = "A. Nasipuri and S. R. Das",
   title = "On-Demand Multipath Routing for Mobile Ad Hoc Networks",
   booktitle = "Proc. of ICCCN",
   month = "Oct.",
   year = "1999",

}

@InProceedings{multipath00,
   author = "M. R. Pearlman and Z. J. Haas and P. Sholander and S. S. Tabrizi",
   title = "On the Impact of Alternate Path Routing for Load Balancing in Mobile Ad Hoc Networks",
   booktitle = "Proc. of ACM MOBIHOC",
   year = "2000",
   nonote = "diveristy injection",
}

@InProceedings{multipath-direction,
   author = "S. Roy and S. Bandyopadhyay and T. Ueda and K. Hasuike",
   title = "Multipath Routing in Ad Hoc Wireless Networks with Omni Directional and Directional Antenna: A Comparative Study",
   booktitle = "Proc. of ACM MOBIHOC",
   year = "2000",
}

@article{multipath-survey,
   author = "W. Lou and W. Liu and Y. Zhang",
   title = "Performance Optimization using Multipath Routing in Mobile Ad Hoc and Wireless Sensor Networks",
   journal = "Combinatorial Optimization in Communication Networks",
   year = "2005",
}

@InProceedings{aodv-br,
   author = "S. J. Lee and M. Gerla",
   title = "AODV-BR: backup routing in ad hoc networks",
   booktitle = "Proc. of WCNC",
   month = "Sept.",
   year = "2000",
   nonote = "backup routing",
}

@InProceedings{SMR,
   author = "S. J. Lee and M. Gerla",
   title = "Split multipath routing with maximally disjoint paths in ad hoc networks",
   booktitle = "Proc. of ICC",
   month = "Jun.",
   year = "2001",
   nonote = "backup routing",
}

@InProceedings{AODVM,
   author = "Z. Ye and S. V. Krishnamurthy and S. K. Tripathi",
   title = "A framework for reliable routing in mobile ad hoc networks",
   booktitle = "Proc. of IEEE INFOCOM",
   month = "Mar.",
   year = "2003",
   nonote = "backup routing",
}


@InProceedings{lili-lan-diagnosis,
   author = "A. Adya and P. Bahl and R. Chandra and L. Qiu",
   title = "Architecture and Techniques for Diagnosing Faults in {IEEE} 802.11 Infrastructure Networks",
   booktitle = "Proc. of ACM MOBICOM",
   month = "Sept.",
   year = "2004",

}

@InProceedings{belllab-model,
   author = "M. Kodialam and T. Nandagopal",
   title = "Characterizing Achievable Rates in Multi-hop Wireless Networks: The Joint Routing and Scheduling Problem",
   booktitle = "Proc. of ACM MOBICOM",
   month = "Sept.",
   year = "2003",
}

@InProceedings{sigmetrics05-model,
   author = "V. S. A. Kumar and M. Marathe",
   title = "Algorithmic Aspects of Capacity in Wireless Networks",
   booktitle = "Proc. of ACM SIGMETRICS",
   month = "Jun.",
   year = "2005",
}

@article{lili-multihop-diagnosis1,
   author = "L. Qiu and P. Bahl and A. Rao and L. Zhou",
   title = "Troubleshooting Wireless Mesh Networks",
   journal = "SIGCOMM Computer Communication Review (CCR)", 
   month = "Oct.",
   year = "2006",
}

@InProceedings{lili-multihop-diagnosis2,
   author = "L. Qiu and P. Bahl and A. Rao and L. Zhou",
   title = "Troubleshooting Multihop Wireless Networks",
   booktitle = "Microsoft Research Technical Report (MSR-TR-2004-11)",
   month = "Nov.",
   year = "2004",
}

@InProceedings{ProbeGap,
   author = "K. Lakshminarayanan and V. N. Padmanabhan and J. Padhye",
   title = "Bandwidth Estimation in Broadband Access Networks",
   booktitle = "Proc. of Internet Measurement Conference (IMC)",
   month = "Oct.",
   year = "2005",
}

@misc{NetBed,
 key = "NetBed",
 title = "NetBed (Emulab++)",
 note = "\url{http://www.emulab.net}",
}

@misc{FIC,
 key = "FIC",
 title = "Faculty Innnovation Center at UT Austin",
 note = "\url{http://fic.engr.utexas.edu}",
}

@misc{CTE,
 key = "CTE",
 title = "Center for Teaching Effectiveness at UT Austin",
 note = "\url{http://www.utexas.edu/academic/cte/}",
}

@InProceedings{cell-breathing,
  author = "P. Bahl and M. T. Hajiaghayi and K. Jain and V. Mirrokni and L. Qiu and A. Saberi",
  title = "Cell Breathing in Wireless LAN: Algorithms and Evaluation",
  booktitle = "Under submission",
  year = "2005",
}

@InProceedings{chaotic-wireless,
  author = "A. Akella and G. Judd and S. Seshan and P. Steenkiste",
  title = "Self Management in Chaotic Wireless Deployments",
  booktitle = "Proc. of ACM MOBICOM",
  month = "Aug. - Sept.",
  year = "2005",
}

@InProceedings{ITAP-placement,
  author = "R. Chandra and L. Qiu and K. Jain and M. Mahdian",
  title = "On the Placement of {I}nternet {TAP}s in Wireless Neighborhood Networks",  booktitle = "Proc. of 12th IEEE ICNP",
  month = "Octobor",
  year = "2004",
}

@InProceedings{pablo-coding,
  author = "C. Gkantsidis and P. R. Rodriguez",
  title = "Network coding for Large Scale Content Distribution",
  booktitle = "Proc. of IEEE INFOCOM",
  month = "Mar.",
  year = "2005",
}

@InProceedings{bahl-switching,
  author = "P. Bahl and R. Chandra and J. Dunagan",
  title = "SSCH: Slotted Seeded Channel Hopping for Capacity Improvement in {IEEE} 802.11 Ad-Hoc Wireless Networks",
  booktitle = "Proc. of ACM MOBICOM",
  month = "Aug.-Sept.",
  year = "2004",
}

@InProceedings{nitin-switching,
  author = "P. Kyasanur and N. H. Vaidya",
  title = "Multi-Channel Wireless Networks: Capacity and Protocols",
  booktitle = "Proc. of ACM MOBICOM",
  month = "Aug.",
  year = "2005",
}

@InProceedings{direction-MAC1,
  author = "R. R. Choudhury and X. Yang and R. Ramanathan and N. H. Vaidya",
  title = "On Designing {MAC} Protocols for Wireless Networks using Directional Antennas", 
  booktitle = "Proc. of the IEEE Transactions on Mobile Computing",
  month = "Dec.",
  year = "2004",
}

@InProceedings{channel3,
  author = "J. So and N. H. Vaidya",
  title = "Routing and Channel Assignment in Multi-Channel Multi-Hop Wireless Networks with Single Network Interface",
  booktitle = "Proc. of 2nd International Conference on Quality of Service in Heterogeneous Wired/Wireless Networks (QShine)",
  month = "Aug.",
  year = "2005",
}

@InProceedings{direction1,
  author = "R. R. Choudhury and N. H. Vaidya",
  title = "Impact of Directional Antennas on Ad Hoc Routing", 
  booktitle = "Proc. of 8th International Conference on Personal Wireless Communication (PWC)",
  month = "Sept.",
  year = "2003",
}

@InProceedings{direction2,
  author = "R. Ramanathan and J. Redi and C. Santivanez and D. Wiggins and S. Polit",
  title = "Ad Hoc Networking with Directional Antennas: A Complete System Solution",
  booktitle = "Proc. of IEEE Wireless Communications and Networking Conference (WCNC)",
  month = "Mar.",
  year = "2004",
}

@InProceedings{direction-MAC2,
  author = "T. Korakis and G. Jakllari and L. Tassiulas",
  title = "A {MAC} Protocol for Full Exploitation of Directional Antennas in Ad-hoc Wireless Networks",
  booktitle = "Proc. of ACM MOBIHOC",
  month = "Jun.",
  year = "2003",
}


@InProceedings{channel2,
   author = "A. Raniwala and T. Chiueh",
   title = "Architecture and Algorithms for an {IEEE} 802.11-based Multi-channel Wireless Mesh Network",
   booktitle = "Proc. of IEEE INFOCOM",
   month = "Mar.",
   year = "2005",
}

@InProceedings{channel1, 
    author = "A. Raniwala and K. Gopalan and T. Chiueh",
    title = "Centralized Algorithms for Multi-channel Wireless Mesh Networks",
    booktitle = "Proc. of ACM Mobile Computing and Communications Review (MC2R)",
    month = "Apr.",
    year = "2004",
}

@article{lili-book,
   author = "A. Adya and P. Bahl and L. Qiu",
   title = "Charaterizing Web Workload for Mobile Clients",
   journal = "Invited book chapter in Content Networking in the Mobile {I}nternet", 
   publisher = "John Wiley & Sons",
   month = "Aug.",
   year = "2004",
}

@misc{firstbytes,
   key = "FirstBytes",
   title = "First Bytes Outreach Program for Women",
   note = "\url{http://www.cs.utexas.edu/~firstbytes}",
}

@misc{mesh-dynamics,
   key = "Mesh Dynamics",
   title = "Mesh Dynamics",
   note = "\url{http://www.meshdynamics.com}",
}

@InProceedings{multi-MAC1,
   author = "Y. Liu and E. Knightly",
   title = "Opportunistic Fair Scheduling over Multiple Wireless Channels",
   booktitle = "Proc. of IEEE INFOCOM",
   year = "2003",
}

@InProceedings{multi-MAC2,
   author = "J. So and N. Vaidya",
   title = "Multi-Channel {MAC} for Ad Hoc Networks: Handling Multi-Channel Hidden Terminals Using A Single Transceiver",
   booktitle = "Proc. of MobiHOC",
   year = "2004",
}

@InProceedings{multi-MAC3,
   author = "A. Tzamaloukas and J. J. Garcia-Luna-Aceves",
   title = "A Receiver-Initiated Collision-Avoidance Protocol for Multi-channel Networks",
   booktitle = "Proc. of INFOCOM",
   year = "2001",
}

@InProceedings{multi-MAC4,
  author = "A. Nasipuri and S. Das",
  title = "A Multichannel {CSMA} {MAC} Protocol for Mobile Multihop Networks",
  booktitle = "Proc. of IEEE WCNC",
  year = "1999",
}

@InProceedings{HRMA,
   author = "Z. Tang and J. J. Garcia-Luna-Aceves",
   title = "Hop-reservation multiple access ({HRMA}) for ad-hoc networks",
   booktitle = "Proc. of IEEE INFOCOM",
   month = "Mar.",
   year = "1999",
}

@InProceedings{kumar-power3,
   author = "V. Kawadia and P. R. Kumar",
   title = "Principles and Protocols for Power Control in Ad Hoc Networks",
   booktitle = "IEEE Journal on Selected Areas in Communications (JSAC)",
   month = "Jan.",
   year = "2005",
}

@InProceedings{kumar-power2,
   author = "V. Kawadia and P. R. Kumar",
   title = "Power Control and Clustering in Ad Hoc Networks",
   booktitle = "Proc. of IEEE INFOCOM",
   month = "Mar.-Apr.",
   year = "2003",
}

@InProceedings{kumar-power1,
   author = "S. Narayanaswamy and V. Kawadia and R. S. Sreenivas and P. R. Kumar",
   title = "Power control in ad-hoc networks: Theory, architecture, algorithm and implementation of the COMPOW protocol",
   booktitle = "Proc. of European Wireless Conference", 
   year = "2002",
}

@InProceedings{other-power1,
  author = "R. Ramanathan and R. Rosales-Hain", 
  title = "Topology control of multihop wireless networks using transmit power adjustment",
  booktitle = "Proc. of INFOCOM",
  month = "Mar.",
  year = "2000",
}

@InProceedings{other-power2,
   author = "T. A. ElBatt and S. V. Krishnamurthy and D. Connors and S. Dao", 
   title = "Power management for throughput enhancement in wireless ad-hoc networks",
   booktitle = "Proc. of IEEE International Conference on Communications",
   year = "2000",
}

@InProceedings{lili-power,
  author = "R. Wattenhofer and L. Li and P. Bahl and Y.-M. Wang",
  title = "Distributed topology control for power efficient operation in multihop wireless ad hoc networks",
  booktitle = "Proc. of IEEE INFOCOM",
  year = "2001",
}

@InProceedings{lili-power0,
  author = "L. Li and J. Halper and P. Bahl and Y. M. Wang",
  title = "A Cone-Based Distributed Topology-Control Algorithm for Wireless Multi-Hop Networks",
  booktitle = "Proc of ACM PODC",
  month = "Aug.",
  year = "2001",
}

@InProceedings{direction3,
  author = "Y Kuga and J. Cha and J. A. Ritcey and J. Kajiya",
  title = "Mechanically Steerable Antennas Using Dielectric Phase Shifters",
  booktitle = "IEEE AP-S International Symposium and USNC/URSI National Radio Science Meeting",
  month = "Jun.",
  year = "2004",
}

@InProceedings{sparsity-interference,
  author = "M. Burkhart and P. v. Richenbach and R. Wattenhofer and A. Zollinger",
  title = "Does Topology Control Reduce Interference?",
  booktitle = "Proc. of ACM MOBIHOC",
  month = "May",
  year = "2004",
}

@InProceedings{taps,
   author = "R. Karrer and A. Sabharwal and E. Knightly",
   title = "Enabling Large-scale Wireless Broadband: The Case for {TAPs}",
   booktitle = "Proc. of HotNets",
   month = "Nov.",
   year = "2003",
}

@InProceedings{routing-SNR1,
   author = "R. Dube and C. Rais and K.-E. Wang and S. Tripathi",
   title = "Signal Stability based Adaptive Routing ({SSA}) for Ad-Hoc Mobile Networks",
   booktitle = "IEEE Personal Comm",
   month = "Feb.",
   year = "1997",
}

@InProceedings{routing-SNR2,
   author = "T. Goff and N. Abu-Aahazaleh and D. Phatak and R. Kahvecioglu",
   title = "Preemptive Routing in Ad Hoc Networks",
   booktitle = "Proc. of ACM MOBICOM",
   month = "Jul.",
   year = "2001",
}

@InProceedings{jitu-sigcomm04,
  author = "R. Draves and J. Padhye and B. Zill",
  title = "Comparison of Routing Metrics for Multi-Hop Wireless Networks",
  booktitle = "Proc. of ACM SIGCOMM",
  month = "Aug.",
  year = "2004",
}

@InProceedings{WCETT,
  author = "R. Draves and J. Padhye and B. Zill",
  title = "Routing in Multi-Radio, Multi-Hop Wireless Mesh Networks",
  booktitle = "Proc. of ACM MOBICOM",
  month = "Sept. - Oct.",
  year = "2004",
}

@InProceedings{Awerbuch03-1,
  author = "B. Awerbuch and D. Holmer and H. Rubens",
  title = "High throughput route selection in mult-rate ad hoc wireless networks",
  booktitle = "Technical report, Johns Hopkins University",
  year = "2003",
}

@InProceedings{AODV,
   author = "C. E. Perkins and E. M. Royer",
   title = "Ad hoc On-Demand Distance Vector Routing",
   booktitle = "Proc. of the Workshop on Mobile Computing Systems and Applications",
   month = "Feb.",
   year = "1999",
}

@InProceedings{ETX-sensor,
    author = "A. Woo and T. Tong, and D. Culler",
    title = "Taming the underlying challenges of reliable multihop routing in sensor networks",
    booktitle = "Proc. of ACM SenSys",
    year = "2003",
}

@InProceedings{DSR-SNR,
    author = "Y. C. Hu and D. B. Johnson",
    title = "Design and demonstration of live audio and video over multi-hop wireless networks",
    booktitle = "Proc. of MILCOM",
    month = "Oct.",
    year = "2002",
}

@InProceedings{sigmetrics05-classify,
    author = "A. W. Moore and D. Zuev",
    title = "{I}nternet Traffic Classification Using {B}ayesian Analysis Techniques",
    booktitle = "Proc. of ACM SIGMTRICS",
    month = "Jun.",
    year = "2005",
}

@misc{dartmouth-campus-network,
   key =    {dartmouth},
   title =   {Dartmouth College Campus-Wide Wireless Network},
   note = {\url{http://www.cs.dartmouth.edu/\~campus/}},
}

@InProceedings{load-balancing,
    author = "Y. Ganjali and A. Keshavarzian",
    title = "Load Balancing in Ad Hoc Networks: Single-path Routing vs. Multi-path Routing",
    booktitle = "Proc. of IEEE INFOCOM",
    month = "Mar.",
    year = "2004",
}

@inproceedings{GV02,
   author = "M. Gastpar and M. Vetterli",
   title = "On the Capacity of Wireless Networks: the Relay Case",
   booktitle = "Proc. of IEEE INFOCOM",
   year = "2002",
   month = "Jun."
}

@inproceedings{LBC+01,
    author = "J. Li and C. Blake and D. S. J. De Couto and H. I. Lee and R. Morris",
    title = "Capacity of Ad Hoc Wireless Networks",
    booktitle = "Proc. of ACM MOBICOM",
    month = "Jul.",
    year = "2001",
}

@InProceedings{mobility-thruput,
    author = "M. Grossglauser and D. N. C. Tse",
    title = "Mobility Increases the Capacity of Ad Hoc Wireless Networks",
    booktitle = "Proc. of IEEE INFOCOM",
    month = "Apr.",
    year = "2001",
}

@InProceedings{delay-throughput,
    author = "A. E. Gamal and J. Mammen and B. Prabhakar and D. Shah",
    title = "Throughput-Delay Trade-off in Wireless Networks",
    booktitle = "Proc. of IEEE INFOCOM",
    month = "Mar.",
    year = "2004",
}

@InProceedings{perf-analysis,
    author = "G. Bianchi",
    title = "Performance Analysis of the {IEEE} 802.11 Distributed Corrdination Function",
    booktitle = "IEEE Journal on Selected Areas in Communications",
    vol = "18",
    no = "3",
    month = "Mar.",
    year = "2000",
}

@InProceedings{infer-num-terminal,
    author = "G. Bianchi and I. Tinnirello",
    title = "Kamlman Filter Estimation of the Number of Competing Terminals in an {IEEE} 802.11 Network",
    booktitle = "Proc. of IEEE INFOCOM",
    month = "Mar.-Apr.",
    year = "2003",
}

@InProceedings{delay-analysis,
    author = "O. Tickoo and B. Sikdar",
    title = "Queueing Analysis and Delay Mitigation in {IEEE} 802.11 Random Access {MAC} based Wireless Networks",
    booktitle = "Proc. of IEEE INFOCOM",
    month = "Mar.",
    year = "2004",
}

@InProceedings{throughput-analysis,
    author = "X. Wang and K. Kar",
    title = "Throughput Modeling and Fairness Issues in {CSMA/CA} Based Ad-Hoc Networks",
    booktitle = "Proc. of IEEE INFOCOM",
    month = "Mar.",
    year = "2005",
}

@InProceedings{uwb-capacity,
   author = "H. Zhang and J. Hou",
   title = "Performance Analysis of Ad Hoc Networks",
   booktitle = "Proc. of IEEE INFOCOM",
   month = "Mar.",
   year = "2005",
}

@InProceedings{wlan-insight,
   author = "A. Kumar and E. Altman and D. Miorandi and M. Goyal",
   title = "New Insights from a Fixed Point Analysis of Single Cell {IEEE} 802.11 WLANs",
   booktitle = "Proc. of IEEE INFOCOM",
   month = "Mar.",
   year = "2005",
}

@InProceedings{echos,
   author = "A. Vasan and R. Ramjee and T. Woo",
   title = "ECHOS: Enhanced Capacity 802.11 Hotspots",
   booktitle = "Proc. of IEEE INFOCOM",
   month = "Mar.",
   year = "2005",
}

@InProceedings{throughput-storage,
   author = "J. Herdtner and E. Chong",
   title = "Throughput-Storage Tradeoff in Ad Hoc Networks",
   booktitle = "Proc. of IEEE INFOCOM",
   month = "Mar.",
   year = "2005",
}

@InProceedings{MINT,
   author = "P. De and A. Raniwala and S. Sharma and T. C. Chiueh",
   title = "MINT: A Miniaturized Network Testbed for Mobile Wireless Research",
   booktitle = "Proc. of IEEE INFOCOM",
   month = "Mar.",
   year = "2005",
}

@InProceedings{geo-routing03,
    author = "A. Rao and C. Papadimitriou and S. Shenker and I. Stoica",
    title = "Geographic Routing without Location Information",
    booktitle = "Proc. of ACM MOBICOM",
    year = "2003",
}

@InProceedings{imc05,
    author = "J. Padhye and S. Agarwal and V. N. Padmanabhan and L. Qiu and A. Rao and B. Zill",
    title = "Estimation of Link Interference in Static Multi-hop Wireless Networks",
    booktitle = "Proc. of Internet Measurement Conference (IMC)",
    year = "2005",
}

 @book {topological,
    AUTHOR = {I. G. Tollis and R. Tamassia and G. D. Battista and P. Eades},
     TITLE = {Graph Drawing: Algorithms for the Visualization of Graphs},
 PUBLISHER = {Prentice Hall PTR},
      YEAR = {1998},
}

 @book {vazirani,
    AUTHOR = {Vazirani, Vijay V.},
     TITLE = {Approximation algorithms},
 PUBLISHER = {Springer-Verlag},
   ADDRESS = {Berlin},
      YEAR = {2001},
     PAGES = {xx+378},
      ISBN = {3-540-65367-8},
   MRCLASS = {68-02 (68Q17 68Q25 68W25 90Cxx)},
  MRNUMBER = {MR1851303 (2002h:68001)},
MRREVIEWER = {Mark R. Jerrum},
}


@book {STL,
    AUTHOR = {Schrijver, Alexander},
     TITLE = {Theory of linear and integer programming},
 PUBLISHER = {John Wiley \& Sons},
   ADDRESS = {New York},
      YEAR = {1986},
     PAGES = {xxxviii+647},
      ISBN = {3-540-44389-4},
   MRCLASS = {90-02 (05-02 52B55 68Q25 68R10 90C27 90C35 90C57)},
  MRNUMBER = {2004b:90004a},
MRREVIEWER = {Alexander I. Barvinok},
}

@misc{UCSD-trace-url,
  key = "UCSD-sigcomm-trace",
  title = {Wireless {LAN} Traces from {ACM SIGCOMM} 2001},
  note = {\url{http://ramp.ucsd.edu/pawn/sigcomm-trace/}},
}

@misc{IBM-trace-url,
  key = "IBM-traces",
  title = {Wireless Traces at {IBM} Corporation},
  note = {\url{http://nms.lcs.mit.edu/~mbalazin/wireless/}}
}

@misc{Stanford-trace-url,
  key = "Stanford-traces",
  title = {Wireless {LAN} Traces from {Stanford University}},
  note = "\url{http://mosquitonet.stanford.edu/software.html}",
}

@misc{Dartmouth-trace-url,
  key="Dartmouth-traces",
  title = {Dartmouth Campus-Wide Wireless Traces},
  note = {\url{http://www.cs.dartmouth.edu/~campus/}}
}

@Misc{airopeek,
  key = "Airopeek",
  title        = {WildPackets {Airopeek}},
  note = {\url{http://www.wildpackets.com/products/airopeek}}
}

@Misc{amd,
  key = "AMD",
  title        = "{Advanced Micro Devices (AMD)}",
  note = {\url{http://www.amd.com/}}
}

@Misc{airwave,
  key = "Airwave",
  title = {Airwave, a wireless network management solution},
  note = {\url{http://www.airwave.com/}}
}

@misc{airmagnet,
  key = "airmagent",
  title = "{AirMagnet Distributed System}",
  note = "\url{http://airmagent.com}",
}


@Misc{airdefence,
  key = "airdefense",
  title = {Air{D}efense: Wireless {LAN} Security and Operational Support},
  note = {\url{http://www.airdefense.net/}}
}

@Misc{wibhu,
  key = "wibhu",
  title = {Spectra{M}on, {Wibhu Technologies Inc.}},
  note = {\url{http://www.wibhu.com/}}
}

@Misc{unicenter,
  key = "unicenter",
  title = {The Future of Wireless Enterprise Management},
  publisher = {Computer Associates - Unicenter Solutions},
  note = {\url{http://www3.ca.com/}}
}

@Misc{symbol,
  key = "SpectrumSoft",
  title = {Spectrum{S}oft: Wireless Network Management System, {Symbol Technolgies Inc}},
  note = {\url{http://www.symbol.com/}}
}

@Misc{realtek,
  key = "Realtek",
  title        = {Realtek},
  note = {\url{http://www.realtek.com.tw/}}
}

@Misc{bbcnews03,
  title = {Promise of intelligent networks},
  publisher = {BBC News},
  note = {\url{http://news.bbc.co.uk/2/hi/technology/2787953.stm}}
}

@Misc{nsf03,
  title = {{NSF} Workshop on Residential Boradband Revisited: Research Challenges
          in Residential Networks, boradband Access and Applications},
  note = {\url{http://cairo.cs.uiuc.edu/nsfbroadband/}},
  month = {Oct.},
  year =  {2003}
}

@Misc{IBM,
   key = "WSA",
   title = {Wireless Security Auditor ({WSA})},
   publisher = {IBM Research},
   note = {\url{http://www.research.ibm.com/gsal/wsa/}}
}

@Misc{80211k,
  key = "802.11k",
  title        = {{IEEE} 802.11k Radio Resource Measurement},
  note = {\url{http://standards.ieee.org/802news/}}
}


@Article{K2,
  author =    {Kelly, F.P.},
   title =   "Mathematical modelling of the {I}nternet",
   Journal  =   "Mathamatics Unlimited - 2001 and Beyond, Springer-Verlag",
   pages =   "685-702",
   year = "2001"
}





@Article{LL,
  author =    {Low, S.H.  and Lapsley, D.E.},
   title =   "Optimization Flow Control {I}: Basic Algorithm and
Convergence",
   journal =   "IEEE/ACM Transactions on Networking, Vol 7",
   pages =   "861-875",
   year = "1999"
}

@Article{LPW,
  author =    {Low, S.H. and  Peterson, L. and Wang, L.},
   title =   "Understanding {Vegas}: A Duality Model",
   journal =   "Journal of ACM, 49(2)",
   pages =   "207-235",
   year = "2002"
}

 @Article{bertsekas,
author = "Bertsekas, D. P.", title = "Linear Network Optimization:
Algorithms and Codes", journal = "M.I.T. Press, Cambridge, MA", year
= "1991" }



@Misc{wrapi,
  key = "WRAPI",
  title        ={Wireless Research {API}},
  note = {\url{http://ramp.ucsd.edu/pawn/wrapi/}}
}

 
@inproceedings{Tang00,
         author = {D. Tang and M, Baker},
         title = {Analysis of a Local-Area Wireless Network},
         booktitle = {ACM MobiCom},
	 month = {Aug.},
         year = {2001},
         pages = {1-10} 
} 

@inproceedings{Bahl02,
         author = {P. Bahl and A. Balachandran and A. Miu and 
	           W. Russel and G. M Voelker and Y-M Wang},
         title = {PAWNs: Satisfying the Need for Ubiquitous Secure Connectivity  and Location Services},
         booktitle = {IEEE Wireless Communications Magazine},
         year = {2002}, 
	 month = {February},
   	 volume = {9(1)},
} 

@inproceedings{Laurila02,
 	author = {J. Ala-Laurila and H. Haverinen and J. Mikkonen and J. Rinnemaa},
 	title = {Wireless {LAN} architecture for mobile operators},
 	booktitle = {Wireless local area networks: the new wireless revolution},
 	year = {2002},
 	pages = {159--176},
 	publisher = {John Wiley \& Sons, Inc.},
}

@misc{qiu98dynamic,
  author = "J. Qiu and J. Mark",
  title = "A dynamic load sharing algorithm through power control in cellular CDMA",
  booktitle = "Proc. of IEEE PIRMC'98", 
  pages = {1280--1284}, 
  month = {Sept.}, 
  year = {1998}
}

@misc{Du04,
  author = {L. Du and J. Bigham and L. Cuthbert},
  title = {A Bubble Oscillation Algorithm for Distributed Geographic Load Balancing in Mobile Networks},
  booktitle = {Proc. of IEEE INFOCOM},
  month = {Mar.},
  year = {2004} 
}


@inproceedings{Schwab04,
         author = {D. Schwab and R. Bunt},
         title = {Characterizing the Use of a Campus Wireless Network},
         booktitle = {Proc. of IEEE INFOCOM},
	 month = {Mar.},
         year = {2004} 
} 

@Misc{agere,
   key = "agere",
   title = {Agere Systems, {Firmware} update for {ORINOCO PC Cards} v7.28 - spring 2001 release},
   month = {Apr.},
   year = {2001}
}

@Misc{cisco350,
   key = "cisco350",
   title = {Cisco {Aironet} 350 Series},
   note = {\url{http://www.cisco.com/warp/public/cc/pd/witc/ao350ap/}},
}

@Misc{netgear,
   key = "netgear",
   title = {ProSafe 802.11g Wireless Access Point - {Model WG302}},
   note = {\url{http://www.netgear.com/products/details/WG302.php/}},
}


@inproceedings{CK00,
         author = {C. Chekuri and S. Khanna},
         title = {A {PTAS} for the mulitiple knapsack problem},
         booktitle = {SODA},
         year = {2000},
         pages = {213-222} 
}

@inproceedings{publichealth,
  author    = {Michael J. Paul and
               Mark Dredze},
  title     = {You Are What You Tweet: Analyzing Twitter for Public Health},
  booktitle = {Proc. of AAAI ICWSM},
  year      = {2011},
}



@inproceedings{election10,
  author    = {Andranik Tumasjan and
               Timm Oliver Sprenger and
               Philipp G. Sandner and
               Isabell M. Welpe},
  title     = {Predicting Elections with Twitter: What 140 Characters Reveal
               about Political Sentiment},
  booktitle = {Proc. of AAAI ICWSM},
  year      = {2010},
}





@TechReport{Kotz03,
  author = {David Kotz and Calvin Newport and Chip Elliott},
  title = {{The mistaken axioms of wireless-network research}},
  institution = {Dartmouth College, Computer Science},
  address = {Hanover, NH},
  number = {TR2003-467},
  year = {2003},
  month = {Jul.},
  URL = {ftp://ftp.cs.dartmouth.edu/TR/TR2003-467.ps.Z},
}

@TechReport{wormhole,
  author = {Y. Hu and A. Perrig and D. B. Johnson},
  title = {{Wormhole Detection in Wireless Ad Hoc Networks}},
  institution = {Rice University, Computer Science},
  address = {Houston, TX},
  number = {TR01-384},
  year = {2001},
  month = {Dec.},
}

@inproceedings{packet-leashes,
    author = "Y. Hu and A. Perrig and D. B. Johnson",
    title = "Packet Leashes: A Defense against Wormhole Attacks in Wireless Ad Hoc Networks",
    booktitle = "Proc. of {IEEE INFOCOM}",
    year = "2003"
}

@inproceedings{convex,
    author = "H. Hindi",
    title = "A Tutorial on Convex Optimization",
    booktitle = "Proc. of American Control Conference",
    year = "2004"
}

@inproceedings{AK97,
 author = {Paola Alimonti and Viggo Kann},
 title = {Hardness of Approximating Problems on Cubic Graphs},
 booktitle = {CIAC '97: Proceedings of the Third Italian Conference on Algorithms and Complexity},
 year = {1997},
 isbn = {3-540-62592-5},
 pages = {288--298},
 publisher = {Springer-Verlag},
 }

@book {vaziranibook,
    AUTHOR = {Vazirani, Vijay V.},
     TITLE = {Approximation algorithms},
 PUBLISHER = {Springer-Verlag},
   ADDRESS = {Berlin},
      YEAR = {2001},
     PAGES = {xx+378},
      ISBN = {3-540-65367-8},
   MRCLASS = {68-02 (68Q17 68Q25 68W25 90Cxx)},
  MRNUMBER = {MR1851303 (2002h:68001)},
MRREVIEWER = {Mark R. Jerrum},
}

@book {West96,
    AUTHOR = {West, Douglas B.},
     TITLE = {Introduction to graph theory},
 PUBLISHER = {Prentice Hall Inc.},
   ADDRESS = {Upper Saddle River, NJ},
      YEAR = {1996},
     PAGES = {xvi+512},
      ISBN = {0-13-227828-6},
   MRCLASS = {05-01},
  MRNUMBER = {MR1367739 (96i:05001)},
}

@article {Edmonds65,
    AUTHOR = {Edmonds, Jack},
     TITLE = {Maximum matching and a polyhedron with {$0,1$}-vertices},
   JOURNAL = {J. Res. Nat. Bur. Standards Sect. B},
    VOLUME = {69B},
      YEAR = {1965},
     PAGES = {125--130},
   MRCLASS = {90.50},
  MRNUMBER = {MR0183532 (32 \#1012)},
MRREVIEWER = {P. J. Higgins},
}

@article {Edmonds65b,
    AUTHOR = {Edmonds, Jack},
     TITLE = {Paths, trees, and flowers},
   JOURNAL = {Canad. J. Math.},
    VOLUME = {17},
      YEAR = {1965},
     PAGES = {449--467},
   MRCLASS = {05.40},
  MRNUMBER = {MR0177907 (31 \#2165)},
MRREVIEWER = {D. R. Fulkerson},
}

@book {schrijver03,
    AUTHOR = {Schrijver, Alexander},
     TITLE = {Combinatorial optimization. {P}olyhedra and efficiency},
    SERIES = {Algorithms and Combinatorics},
    VOLUME = {24},
 PUBLISHER = {Springer-Verlag},
   ADDRESS = {Berlin},
      YEAR = {2003},
      ISBN = {3-540-44389-4},
   MRCLASS = {90-02 (05-02 52B55 68Q25 68R10 90C27 90C35 90C57)},
  MRNUMBER = {MR1956926 (2004b:90004c)},
MRREVIEWER = {Alexander I. Barvinok},
}






@article {PY91,
    AUTHOR = {Papadimitriou, Christos H. and Yannakakis, Mihalis},
     TITLE = {Optimization, approximation, and complexity classes},
   JOURNAL = {J. Comput. System Sci.},
  FJOURNAL = {Journal of Computer and System Sciences},
    VOLUME = {43},
      YEAR = {1991},
    NUMBER = {3},
     PAGES = {425--440},
      ISSN = {0022-0000},
     CODEN = {JCSSBM},
   MRCLASS = {68Q20},
  MRNUMBER = {MR1135471 (93e:68027)},
MRREVIEWER = {Frederic Green},
}




@inproceedings{clark03,
    author  = {D. D. Clark and C. Patridge and J. Christopher Ramming
               and John T. Wroclawski},
    title   = {A Knoweldge Plane for the {I}nternet},
    address = {Karlsruhe, Germany},
    booktitle = {Proceedings of {ACM} SIGCOMM},
    month = {Aug.},
    year = {2003}
}

@inproceedings{shen02,
    author  = {Chien-Chung Shen and Chaiporn Jaikaeo and Chavalit Srisathapornphat and
               Zhuochuan Huang},
    title   = {The Guerrilla Management Architecture for Ad hoc Networks},
    address = {Anaheim, California},
    booktitle = {Proc. of {IEEE} MILCOM},
    month = {Oct.},
    year = {2002}
}

@Book{stalling93,
    author  =   {William Stalling},
    title = {{SNMP, SNMPv2, and CMIP}: The Practical Guide to Network Management
                 Standards (1st Edition)},
    publisher = {Addison Wesley Professional},
    address =   {Readin, MA},
    year =  {1993}
}

@inproceedings{chen99,
    author = {W. Chen and N. Jain and Suresh Singh},
    title = {{ANMP}: Ad Hoc Network Management Protocol},
    booktitle = {{IEEE} Journal on Selected Areas in Communications},
    month = {Aug.},
    year = {1999},
    volume = {17(8)},
}

@inproceedings{Pissinou00,
    author = {N. Pissinou and B. Bharghavati and K. Makki},
    title = {Mobile Agents to Automate Fault Management in Wireless and Mobile Networks},
    booktitle = {Proceedings of the {IEEE} International Parallel and Distributed Processing Systems Workshop},
    year = {2000},
    pages = {1296--1300}
}

@inproceedings{saha03,
   author = {Goutam K Saha},
   title  = {Transient Fault-Tolerant Mobile Agent in Mobile Computing},
   booktitle = {{IEEE} Transactions on Computers},
   publisher = {{IEEE} Computer Society Press},
   address = {USA},
   year ={2003}
}

@inproceedings{marti00,
   author = {S. Marti and T. Giuli and K. Lai and M. Baker},
   title  = {Mitigating Routing Misbehavior in Mobile Ad Hoc Networks},
   booktitle = {Proceedings of MOBICOM 2000},
   address = {Boston, MA},
   month = {Aug.},
   year = {2000}
}

@inproceedings{awerbuch03,
   author = {Baruch Awerbuch and David Holmer and Herbert Rubens},
   title  = {Provably Secure Competitive Routing against Proactive {B}yzantine Adversaries
            via Reinforcement Learning},
   booktitle = {JHU Tech Report Version 1},
   month =  {May},
   year  =  {2003}
}

@inproceedings{buchegger03,
  author = {Sonja Buchegger and Jean-Yves {Le Boudec}},
  title = {The Effect of Rumor Spreading in Reputation Systems for Mobile Ad-Hoc Networks},
  booktitle = {Proceedings of Modeling and Optimization in Mobile, Ad Hoc and Wireless Networks},
  address = {Sophia-Antipolis, France},
  month = {Mar.},
  year = {2003}
}

@inproceedings{buchegger02,
  author = {Sonja Buchegger and Jean Yves {Le Boudec}},
  title = {Nodes bearing grudges: Towards routing security, fairness, and robustness in
           mobile ad hoc networks},
  booktitle = {Proceedings of the Tenth Euromicro Workshop on Parallel, Distributed
               and network-based Processing},
  publisher = {{IEEE} Computer Scoiety},
  month = {Jan.},
  year = {2002},
  pages = {403 -- 410}
}

@inproceedings{sabin97,
    author = {Mihaela Sabin and Robert D. Russell and Eugene C. Freuder},
    title = {Generating Diagnositc Tools for Network Fault Management},
    booktitle = {Integrated Network Management},
    pages = {700-711},
    year = {1997},
}

@inproceedings{Konstantinou02,
   author = {Alexander V. Konstantinou and Danilo Florissi and Yechiam Yemini},
   title = {Towards Self-Configuring Networks},
   booktitle = {DARPA Active Networks Conference and Exposition (DANCE '02)},
   address = {San Francisco, CA},
   month = {May},
   year = {2002}
}

@inproceedings{prakash96,
  author = {R. Prakash and M. Singhal},
  title  = {Low cost checkpointing and failure recovery in mobile computing systems},
  booktitle = {{IEEE} Trans. on Parallel and Distributed Systems},
  volume = {7},
  number = {10},
  pages = {1035--1048},
  year = {1996}
}

@inproceedings{BVA99,
    author = "D. A. Beyer and M.D. Vestrich and J. J. Garcia-Luna-Aceyes",
    title = "The Rooftop Community Network: Free, High-Speed Network Access for Communities",
    booktitle = "The First 100 Feet: Options for {Internet} and {Broadband Access}",
    publisher = "{MIT} Press: Cambridge",
    year = "1999",
}

@Misc{roofnet,
   key = "roofnet",
   title = {{MIT} {R}oofnet},
   note = {\url{http://www.pdos.lcs.mit.edu/roofnet/}},
}

@misc{msr-mesh,
    key = "msr-mesh",
    title = "Self-Organizing Neighborhood Wireless Mesh Networks",
    note = {\url{http://www.research.microsoft.com/mesh}}
}

@misc{802.11b-community,
   key = "802.11b-community",
   title = "802.11b Community Network List",
   note = "\url{http://www.toaster.net/wireless/community.html}",
}


@article{NP-compendium,
   key = "NP Compendium",
   title = "A Compendium of NP Optimization Problems",
   note = "\url{http://www.nada.kth.se/$\tilda$viggo/problemlist/compendium.html}",
}

@article{house-density,
   title = "House Density",
   note = "\url{http://www.ci.missoula.mt.us/opg/neighborhoodsampler/density.htm}",
}

@article{802.11b,
   author = "L. M. S. C. of the {IEEE} Computer Society",
   title = "Wireless {LAN} medium access control {(MAC)} and physical layer {(PHY)} specifications",
   journal = "{IEEE} Standard 802.11",
   year = "1999",
}

@inproceedings{GBZ+99,
    author = "M. Gerla and R. Bagrodia and L. Zhang and K. Tang and L. Wang",
    title = "{TCP} over Wireless Multi-hop Protocols: Simulation and Experiments",
    booktitle = "Proc. of 1999 {IEEE} International Conference on Communications (ICC)",
    month = "Jun.",
    year = "1999",
}

@inproceedings{HVB01,
    author = "G. Holland and N. Vaidya and P. Bahl",
    title = "A Rate-Adaptive {MAC} protocol for multi-hop wireless networks",
    booktitle = "Proc. of {ACM} MOBICOM",
    year = "2001",
}

@inproceedings{HV99,
    author = "G. Holland and N. Vaidya",
    title = "Analysis of {TCP} Performance over Mobile Ad Hoc Networks",
    booktitle = "Proc. of {ACM} MOBICOM",
    year = "1999",
}

@Book{Leiwand96,
  author =   {A. Leiwand and K. Fang},
  title =    {Network Management: A Practical Perspetive (Second Edition)},
  publisher =    {Addison Wesley Professional},
  address =      {MA},
  year =     {1996}
}

@inproceedings{SK99,
    author = "J. L. Sobrinho and A. S. Krishnakumar",
    title = "Quality of Service in Ad Hoc Carier Sense Multiple Access Wireless Networks",
    booktitle = "JSAC",
    year = "1999",
    vol = "17",
    page = "1353-68"
}

@inproceedings{CYRV02,
    author = "R. R. Choudhury and X. Yang and R. Ramanathan and N. H. Vaidya",
    title = "Using Directional Antennas for Medium Access Control in Ad Hoc Networks",
    booktitle = "Proc. of {ACM} MOBICOM~'2002",
    month = "Sept.",
    year = "2002",
}

@inproceedings{ER02,
     author = "T. ElBatt and B. Ryu",
     title = "On the Channel Reservation Schemes for Ad-hoc Networks: Utilizing Directional Antennas",
     booktitle = "Proc. of WPMC",
     note = "\url{http://www.wins.hrl.com/projects/adhoc/d/elbatt\_wpmc02.pdf}",
     year = "2002",
}

@inproceedings{Dartmouth,
    author = "D. Kotz and K. Essien",
    title = "Analysis of a Campus-wide Wireless Network",
    booktitle = "Proc. of {ACM} MOBICOM~'2002",
    month = "Sept.",
    year = "2002",
}

@inproceedings{JPPQ03,
    author = "K. Jain and J. Padhye and V. N. Padmanabhan and L. Qiu",
    title = "Impact of Interference on Multi-hop Wireless Network Performance",
    booktitle = "Proc. of {ACM} MOBICOM",
    month = "Sept.",
    year = "2003",
}

@misc{qualnet,
   key = "qualnet",
   title = "The {Qualnet} Simulator from {Scalable Networks Inc.}",
   note = "\url{http://www.scalable-networks.com/}"
}

@misc{ns-2,
   key = "ns-2",
   title = "The Network Simulator -- ns-2",
   note = "\url{http://www.isi.edu/nsnam/ns/}"
}

@misc{OPNET,
   key = "OPNET",
   title = "OPNET Modeler",
   note = "\url{http://www.opnet.com}"
}

@inproceedings{arbaugh02,
   title = {Your 802.11 wireless network has no clothes},
   author = {W. A. Arbaugh and N. Shankar and C. J. Wan and Kan Zhang},
   booktitle = {{IEEE} Wireless Communications},
   month = {Dec.},
   year = {2002},
   Volume = {9},
   Number = {6},
   pages = {44--51}
}

@inproceedings{bhagwat03,
    author = {Pravin Bhagwat and Bhaskaran Raman and Dheeraj Sanghi},
    title = {Turning 802.11 Inside-Out},
    booktitle = {Workshop on Hot Topics in Networks (HotNets-II)},
    month = {Nov.},
    year = {2003},
}

@inproceedings{routing-compare,
    author = {J. Broch and D. A. Maltz and D. B. Johnson and Y. C. Hu and J. Jetcheva},
    title =  {A performance comparison of multihop wireless ad hoc networking routing protocols},
    booktitle = {Proc. of ACM MOBICOM},
    year = {1998},
}

@inproceedings{TORA,
    author = {V. D. Park and M. S. Corson},
    title =  {Temporally-Ordered Routing Algorithm},
    booktitle = {Internet draft, draft-ietf-manet-tora-spec-01.txt},
    month = {Aug.},
    year = {1998},
}

@inproceedings{DSDV,
    author = {C. E. Perkins and P. Bhagwat},
    title =  {Highly Dynamic Destination-Sequenced Distance-Vector Routing (DSDV) for Mobile Computers},
    booktitle = {Proc. of ACM SIGCOMM},
    month = "Aug.-Sept.",
    year = {1994},
}

@inproceedings{DSR,
    author = {D. B. Johnson and D. A. Maltz and J. Broch},
    title =  {{DSR}: The Dynamic Source Routing Protocol for Multihop
          Wireless Ad Hoc Networks},
    booktitle = {Ad Hoc Networking},
    year = {2001},
}

@inproceedings{SNMP,
    author = {J. Case and M. Fedor and M. Schoffstall and J. Darvin},
    title = {A Simple Network Management Protocol ({SNMP})},
    booktitle = {Internet Engineering Task Force, RFC 1098},
    month = {May},
    year  = {1990},
    note = "url{http://www.snmp.com/}",
}

@inproceedings{PS02,
   author = "V. N. Padmanabhan and D. R. Simon",
   title = "Secure Traceroute to Detect Faulty or Malicious Routing",
   booktitle = "{ACM} SIGCOMM Workshop on Hot Topic in Networks (HotNets-I)",
   month = "Oct.",
   year = "2002",
}

@inproceedings{SRH+03,
    author = "G. Berger-Sabbatel and F. Rousseau and M. Heusse and A. Duda",
    title = "Performance Anomaly of 802.11b",
    booktitle = "Proc. of {IEEE} INFOCOM~'2003",
    month = "Jun.",
    year = "2003",
}


@inproceedings{ABP+03,
   author = "A. Adya and P. Bahl and J. Padhye and A. Wolman and L. Zhou",
   title = "A Multi-Radio Unification Protocol for {IEEE} 802.11 Wireless Networks",
   booktitle = "Microsoft Technical Report, MSR-TR-2003-41",
   month = "Jun.",
   year = "2003",
}

@Book{Garey,
  author =   {M. Garey and D. Johnson},
  title =    {Computers and Intractability: A Guide to the Theory of {NP}-Completeness },
  publisher =    {W.H. Freeman and Company},
  year =     1979
}

@Misc{tcpdump,
   key = "tcpdump",
   title = {Tcpdump},
   note = {\url{http://www.tcpdump.org/}},
}

@Misc{NDIS,
   key = {NDIS},
   title = {Network Devices and Protocols: Windows {DDK}. {NDIS} Library Functions.},
   note = {},
}


@Misc{NativeWiFi,
  key = "NativeWiFi",
  title =    {Native 802.11 Framework for {IEEE} 802.11 Networks (Windows Platform Design Notes)},
  month =    {Mar.},
  year =     2003,
  note =     {\url{http://www.microsoft.com/whdc/hwdev/tech/network/802x/Native80211.mspx}}
}

@InProceedings{KV03,
  author =   {Pradeep Kyasanur and Nitin Vaidya},
  title =    {Detection and Handling of {MAC} Layer Misbehavior in Wireless Networks},
  booktitle =    {Dependable Computing and Communications Symposium (DCC) at the International Conference on Dependable Systems and Networks (DSN)},
  pages =    {173--182},
  year =     2003,
  address =  {San Francisco, California },
  month =    {Jun.}
}

@InProceedings{SRS99,
   author = "A. Shaikh and J. Rexford and K. G. Shin",
   title = "Load-Sensitive Routing of Long-Lived IP Flows",
   booktitle = "Proc. of ACM SIGCOMM~'99",
   year = "1999",
}

@InProceedings{ATM,
   author = "C. Brown (Editor)",
   title = "{ATM Forum MPOA Sub-Working Group}",
   booktitle = "{Multi-Protocol over ATM Version 1.0 (AF-MPOA-0087.000)}",
   year = "1997",
   month = "Jul.",
}

@InProceedings{KNM97,
   author = "Y. Katsube and K. Nagami and S. Matsuzawa and H. Esaki",
   title = "Internetworking based on cell switch router - architecture and protocol overview",
   booktitle = "Proc. of the IEEE",
   year = "1997",
   month = "Dec.",
   vol="85(12)",
}

@InProceedings{BVB03,
   author = "A. Balachandra and G. Voelker and P. Bahl",
   title = "Wireless Hotspots: Current Challenges and Future Directions",
   booktitle = "Proc. of 1st ACM Workshop on Wireless Mobile Applications and Services on {WLAN} Hotspots (WMASH)",
   year = "2003",
   month = "Sept.",
}

@InProceedings{JS02,
   author = "G. Judd and P. Steenkiste",
   title = "Fixing 802.11 Access Point Selection",
   booktitle = "ACM SIGCOMM Poster",
   year = {2002},
   month = {Aug.}
}

@InProceedings{FukudaO4,
   author = {Y. Fukuda and T. Abe and Y. Oie},
   title = {Decentralized Access Point Selection Architecture for Wireless {LAN}s -- Deployability and Robustness for Wireless {LAN}s},
   booktitle = "Proc. of IEEE VTC",
   month = {Sept.},
   year = {2004},
   note = {\url{http://infonet.cse.kyutech.ac.jp/paper/2004/YutakaFUKUDA-200409-VTC04.pdf}}
}

@InProceedings{stanford-trace,
   author = "D. Tang and M. Baker",
   title = "Analysis of a Local-Area Wireless Network",
   booktitle = "Proc. of ACM Mobicom",
   month = "Aug.",
   year = "2000",
}


@InProceedings{ucsd-trace,
   author="A. Balachandran and G. M. Voelker and P. Bahl and V. Rangan",
   title = "Characterizing User Behavior and Network Performance in a Public Wireless {LAN}",
   booktitle = "Proc. of ACM SIGMETRICS",
   month = "Jun.",
   year = "2002",
}

@InProceedings{BC03,
  author = "M. Balazinska and P. Castro",
  title = "Characterizing Mobility and Network Usage in a Corporate Wireless Local-Area Network",
  booktitle = "Proc. of ACM MOBISYS",
  month = "May",
  year = "2003",
}

@article{GK00,
    author = "P. Gupta and P. R. Kumar",
    title = "The Capacity of Wireless Networks",
    journal = "IEEE Transactions on Information Theory",
    volume = "46",
    number = "2",
    month = "Mar.",
    year = "2000",
}

@InProceedings{KK03,
  author = "V. Kawadia and P. R. Kumar",
  title = "Power Control and Clustering in Ad Hoc Networks",
  booktitle = "Proc. of IEEE INFOCOM",
  month = "Apr.",
  year = "2003",
}

@InProceedings{WLBW01,
  author = "R. Wattenhofer and L. Li and P. Bahl and Y. M. Wang",
  title = "Distributed Topology Control for Power Efficient Operation in Multihop Wireless Ad Hoc Networks",
  booktitle = "Proc. of IEEE INFOCOM",
  year = "2001",
}

@InProceedings{SWR98,
  author = "S. Singh and M. Woo and C. S. Raghavendra",
  title = "Power Aware Routing in Mobile Ad Hoc Networks",
  booktitle = "Proc. of ACM MOBICOM",
  month = "Sept.",
  year = "1998",
}

@InProceedings{ROMER,
  author = "Y. Yuan and H. Yuan and Starsky H.Y. Wong and Songwu Lu and William Arbaugh   ",
  title = "{ROMER:} Resilient Opportunistic Mesh Routing for Wireless Mesh Networks",
  booktitle = "Proc. of IEEE WiMESH",
  month = "Sept.",
  year = "2005",
}


@InProceedings{MORE,
  author = "S. Chachulski and Michael Jennings and Sachin Katti and Dina Katabi ",
  title = "Trading Structure for Randomness in Wireless Opportunistic Routing",
  booktitle = "Proc. of ACM SIGCOMM",
  month = "Aug.",
  year = "2007",
}

@InProceedings{COPE,
  author = "S. Katti and H. Rahul and W. Hu and D. Katabi and M. Medard and J. Crowcroft",
  title = "{XORs} In The Air: Practical Wireless Network Coding",
  booktitle = "Proc. of ACM SIGCOMM",
  month = "Sept.",
  year = "2006",
}

@InProceedings{morris-wireless-cap,
   author = "J. Li and C. Blake and D. S. J. De Couto and H. I. Lee and R. Morris",
  title = "Capacity of Ad Hoc Wireless Networks",
  booktitle = "Proc. of ACM MOBICOM",
  month = "Jul.",
  year = "2001",
}

@article{SDF,
  author = "P. Larsson",
  title = "Selection Diversity Forwarding in a multihop packet radio network with fading channel and capture",
  journal = "ACM SIGMOBILE Mobile Computing and Communication Review",
  year = "2001",
}

@InProceedings{WhereOppMakesSense,
  author = "R.C. Shah and  S. Wietholter and A. Wolisz and J.M. Rabaey",
  title = "Where Opportunistic Routing Makes Sense?",
  booktitle = "Proc. of IEEE PERCOMW",
  month = "Mar.",
  year = "2005",
}


@InProceedings{OPRAH,
  author = "C. Westphal",
  title = "Opportunistic Routing in Dynamic Ad Hoc Networks: The OPRAH protocol",
  booktitle = "Proc. of IEEE MASS",
  month = "Oct.",
  year = "2006",
}



@InProceedings{MACAnyCast,
  author = "R.R. Choudhury and N. Vaidya",
  title = "{MAC}-Layer Anycasting in Wireless Ad Hoc Networks ",
  booktitle = "Proc. of Hot Topics in Networks (HotNets)",
  month = "Nov.",
  year = "2003",
}


@InProceedings{ProcessedDataSensorNet,
  author = "C. Chen and D. Aksoy and T. Demir",
  title = "Processed Data Collection using Opportunistic Routing in Location Aware Wireless Sensor Networks",
  booktitle = "Proc. of International Conference on Mobile Data Management",
  month = "May",
  year = "2006",
}

@article{JainFairness,
  author = "R. Jain and D. Chiu and W. Hawe",
  title = "A quantitative measure of fairness and discrimination for resource allocation in shared computer systems",
  journal = "DEC Research Report TR-301",
  month = "Sep",
  year = "1984",
}

@InProceedings{ConnIndex,
  author = "L. Kleinrock and J. Silvester",
  title = "Optimum transmission radii for packet radio networks or why six is a magic number",
  booktitle = "NTC",
  month = "Dec.",
  year = "1978",
}


@InProceedings{IARC,
  author = "S. Rangwala and R. Gummadi and R. Govindan and K. Psounis",
  title = "Interference-Aware Fair Rate Control in Wireless Sensor Networks",
  booktitle = "Proc. of ACM SIGCOMM",
  month = "Sept.",
  year = "2006",
}

@misc{madwifi,
  key = "madwifi",
  title = "MADWIFI",
  note = "\url{http://madwifi.org}",
}

@InProceedings{hotnets07,
  author = "Y. Li and L. Qiu and Y. Zhang and R. Mahajan and Z. Zhong and G. Deshpande and E. Rozner",
  title = "Effects of Interference on Throughput of Wireless Mesh Networks: Pathologies and a Preliminary Solution",
  booktitle = "Proc. of HotNets-VI",
  month = "Nov.",
  year = "2007",
}

@InProceedings{ER,
   author = "E. Rozner and A. P. Iyer and Y. Mehta and L. Qiu and M. Jafry",
   title = "{ER}: Efficient Retransmission Scheme for Wireless {LANs}",
   booktitle = "Proc. of CoNext",
   month = "Dec.",
   year = "2007",
}

@InProceedings{channel-icnp07,
   author = "E. Rozner and Y. Mehta and A. Akella and L. Qiu",
   title = "Traffic-Aware Channel Assignment in Enterprise Wireless {LANs}",
   booktitle = "Proc. of ICNP",
   month = "Oct.",
   year = "2007",
}

@InProceedings{greedy-receiver,
   author = "M. K. Han and B. Overstreet and Lili Qiu",
   title = "Greedy Receivers in {IEEE} 802.11 Hotspots",
   booktitle = "Proc. of DSN-DCCS",
   month = "Jun.",
   year = "2007",
}

@InProceedings{s4,
   author = "Y. Mao and F. Wang and L. Qiu and S. Lam and J. Smith",
   title = "S4: Small State and Small Stretch Routing Protocol for Large Wireless Sensor Networks",
   booktitle = "Proc. of NSDI",
   month = "Apr.",
   year = "2007",
}

@InProceedings{lili-mobicom07,
  author = "L. Qiu and Y. Zhang and F. Wang and M. K. Han and R. Mahajan",
  title = "A General Model of Wireless Interference",
  booktitle = "Proc. of ACM MOBICOM",
  month = "Sept.",
  year = "2007",
}

@InProceedings{knightly-model,
  author = "M. Garetto and J. Shi and E. Knightly",
  title = "Modeling Media Access in Embedded Two-Flow Topologies of Multi-hop Wireless Networks",
  booktitle = "Proc. of ACM MOBICOM",
  month = "Aug. -- Sept.",
  year = "2005",
}

@InProceedings{lui-model,
  title = "Determining the End-to-end Throughput Capacity in Multi-Hop Networks: Methodolgy and Applications",
  author = "Y. Gao and J. Lui and D. M. Chiu",
  booktitle = "ACM SIGMETRICS",
  month = "Jun.",
  year = "2006",
}

@InProceedings{sigcomm06-Reis,
  author = "C. Reis and R. Mahajan and M. Rodrig and D. Wetherall and J. Zahorjan",
  title = "Measurement-based Models of Delivery and Interference",
  booktitle = "Proc. of ACM SIGCOMM",
  year = "2006",
}

@InProceedings{mic,
  author =       {Yaling Yang and Jun Wang and Robin Kravets},
  title =        {Designing Routing Metrics for Mesh Networks},
  year =         {2005},
  month = "Sept.",
  booktitle = "IEEE Workshop on Wireless Mesh Networks (WiMesh)"
}

@InProceedings{iaware,
  title = "Interference Aware Routing in Multi-Radio Wireless Mesh Networks",
  author = "Anand Prabhu Subramanian and Milind M. Buddhikot and Scott Miller",
  booktitle = "IEEE Workshop on Wireless Mesh Networks (WiMesh)",
  year = 2006,
  month = "Sept.",
}

@article{sally-e2e,
    author = "Sally Floyd and Kevin Fall",
    title = "Promoting the use of end-to-end congestion control in the {Internet}",
    journal = "IEEE/ACM Transactions on Networking",
    volume = "7",
    number = "4",
    year = "1999",
}

@InProceedings{Kumar-single-cell,
    author = "A. Kumar and E. Altman and D. Miorandi and M. Goyal",
    title = "New Insights from a fixed point analysis of single cell {IEEE} 802.11 wireless {LANs}",
    booktitle = "Proc. of IEEE INFOCOM",
    month = "Mar.",
    year = "2005",
}

@misc{turing-prog,
    key = "turing",
    title = "University of {T}exas {T}uring {S}cholars Program",
    note = "\url{http://www.cs.utexas.edu/users/UTCS/undergradoffice/honors/}",
}

@InProceedings{Lee03:LCN,
    author = "Youngseok Lee and Kyoungae Kim and Yanghee Choi",
    title = "{Optimization of AP Placement and Channel Assignment in Wireless LANs}",
    booktitle = "{Proc. of IEEE LCN}",
    month = "Nov.",
    year = "2002",
}

@article{song09netquest,
    author = "Han Hee Song and Lili Qiu and Yin Zhang",
    title = "{NetQuest}: A Flexible Framework for Large-Scale Network Measurement",
    journal = "{ACM/IEEE Transactions on Networking}",
    year = "2009",
}

@InProceedings{song06netquest,
    author = "Han Hee Song and Lili Qiu and Yin Zhang",
    title = "{NetQuest}: A Flexible Framework for Large-Scale Network Measurement",
    booktitle = "{Proc. of ACM SIGMETRICS}",
    month = "Jun.",
    year = "2006",
}

@InProceedings{mahimkar07dfence,
    author = "Ajay Mahimkar and Jasraj Dange and Vitaly Shmatikov and Harrick Vin and Yin Zhang",
    title = "{dFence}: Transparent Network-based Denial of Service Mitigation",
    booktitle = "{Proc. of USENIX NSDI}",
    month = "Apr.",
    year = "2007",
}

@InProceedings{yang06fast,
    author = "Stewart Yang and Jianping Song and Harish Rajamani and Tae Won Cho and Yin Zhang and Raymond Mooney",
    title = "Fast and Effective Worm Fingerprinting via Machine Learning",
    booktitle = "{Proc. of IEEE ICAC}",
    month = "Jun.",
    year = "2006",
}

@InProceedings{li07smarttunnel,
    author = "Yi Li and Yin Zhang and Lili Qiu and Simon Lam",
    title = "{SmartTunnel}: Achieving Reliability in the {I}nternet",
    booktitle = "{Proc. of IEEE INFOCOM}",
    month = "May",
    year = "2007",
}

@InProceedings{jain07star,
    author = "Navendu Jain and Dmitry Kit and Prince Mahajan and Praveen Yalagandula and Mike Dahlin and Yin Zhang",
    title = "{STAR}: Self-Tuning Aggregation for Scalable Monitoring",
    booktitle = "{Proc. of VLDB}",
    month = "Sept.",
    year = "2007",
}

@InProceedings{wang06cope,
    author = "Hao Wang and Haiyong Xie and Lili Qiu and Yang Richard Yang and Yin Zhang and Albert Greenberg",
    title = "{COPE}: Traffic Engineering in Dynamic Networks",
    booktitle = "{Proc. of ACM SIGCOMM}",
    month = "Sept.",
    year = "2006",
}

@InProceedings{jain08imprecision,
  author = "Navendu Jain and Prince Mahajan and Dmitry Kit and Praveen Yalagandula and Mike Dahlin and Yin Zhang",
  title = "Network Imprecision: A New Consistency Metric for Scalable Monitoring", 
  booktitle = {Proc. of OSDI},
  month = "Dec.",
  year = "2008",
}

@InProceedings{mahimkar08chronic,
  author = "Ajay Mahimkar and Jennifer Yates and Yin Zhang and Aman Shaikh and Jia Wang and Zihui Ge and Cheng Tien Ee",
  title = "Troubleshooting Chronic Conditions in Large IP Networks",
  booktitle = {Proc. of ACM CoNEXT},
  month = "Dec.",
  year = "2008",
}

@article{box-mcl,
  author = {Baggio, Aline and Langendoen, Koen},
  title = {Monte Carlo localization for mobile wireless sensor networks},
  journal = {Ad Hoc Netw.},
  volume = {6},
  number = {5},
  year = {2008},
  issn = {1570-8705},
  pages = {718--733},
  doi = {http://dx.doi.org/10.1016/j.adhoc.2007.06.004},
  publisher = {Elsevier Science Publishers B. V.},
  address = {Amsterdam, The Netherlands, The Netherlands},
}

@inproceedings{dual-mixture,
  author = {Stevens-Navarro, E. and Vivekanandan, V. and Wong,  V. W. S.},
  booktitle = {Proc. of IEEE Wireless Communications and Networking Conference (WCNC)},
  citeulike-article-id = {3158360},
  citeulike-linkout-0 =  {http://dx.doi.org/10.1109/WCNC.2007.735},
  citeulike-linkout-1 =  {http://ieeexplore.ieee.org/xpls/abs_all.jsp?arnumber=4224980},
  doi = {10.1109/WCNC.2007.735},
  keywords = {localization},
  pages = {4024--4028},
  posted-at = {2008-08-27 14:21:36},
  priority = {2},
  title = {Dual and Mixture Monte Carlo Localization Algorithms  for Mobile Wireless Sensor Networks},
  url = {http://dx.doi.org/10.1109/WCNC.2007.735},
  year = {2007}
}

@inproceedings{sdp1,
  author = {Biswas, Pratik and Ye, Yinyu},
  title = {Semidefinite programming for ad hoc wireless sensor network localization},
  booktitle = {IPSN '04: Proceedings of the 3rd international symposium on Information processing in sensor networks},
  year = {2004},
  isbn = {1-58113-846-6},
  pages = {46--54},
  location = {Berkeley, California, USA},
  doi = {http://doi.acm.org/10.1145/984622.984630},
  publisher = {ACM},
  address = {New York, NY, USA},
}

@article{sdp2,
  author = {Wang, Zizhuo and Zheng, Song and Ye, Yinyu and Boyd, Stephen},
  title = {Further Relaxations of the Semidefinite Programming Approach to Sensor Network Localization},
  journal = {SIAM J. on Optimization},
  volume = {19},
  number = {2},
  year = {2008},
  issn = {1052-6234},
  pages = {655--673},
  doi = {http://dx.doi.org/10.1137/060669395},
  publisher = {Society for Industrial and Applied Mathematics},
  address = {Philadelphia, PA, USA},
}

@article{sdp3,
  author = {A. Y. Alfakih, A. Khandani, H. Wolkowicz.},
  title = {Solving Euclidean Distance Matrix Completion Problems Via Semidefinite Programming.},
  journal = {Comput. Opt. and Appl.},
  year = {1999}
}

@ARTICLE{burer2,
  author = {S. Burer and C. Choi},
  title = {Computational Enhancements in Low-Rank Semidefinite Programming},
  journal = {Optimization Methods and Software},
  year = {2006}
}

@ARTICLE{burer1,
  author = {Samuel Burer and Renato D.C. Monteiro},
  title = {A Nonlinear Programming Algorithm for Solving Semidefinite Programs via Low-rank Factorization},
  journal = {Mathematical Programming (series B)},
  year = {2001},
  volume = {95},
  pages = {2003}
}


@article{prob-region,
  author = {Wang, Feng and Qiu, Lili and Lam, Simon S.},
  title = {Probabilistic region-based localization for wireless networks},
  journal = {SIGMOBILE Mob. Comput. Commun. Rev.},
  volume = {11},
  number = {1},
  year = {2007},
  issn = {1559-1662},
  pages = {3--14},
  doi = {http://doi.acm.org/10.1145/1234822.1234826},
  publisher = {ACM},
  address = {New York, NY, USA},
}
@MISC{princeton-zebranet-2007-02-14,
  author = {Yong Wang and Pei Zhang and Ting Liu and Chris Sadler and Margaret Martonosi},
  title = {{CRAWDAD} data set princeton/{ZebraNet} (v. 2007-02-14)}, 
  howpublished = {Downloaded from http://crawdad.cs.dartmouth.edu/princeton/zebranet},
  month = feb,  
  year = 2007
}
@article{zebranet,
  author = {Juang, Philo and Oki, Hidekazu and Wang, Yong and Martonosi, Margaret and Peh, Li Shiuan and Rubenstein, Daniel},
  title = {Energy-efficient computing for wildlife tracking: design tradeoffs and early experiences with ZebraNet},
  journal = {SIGARCH Comput. Archit. News},
  volume = {30},
  number = {5},
  year = {2002},
  issn = {0163-5964},
  pages = {96--107},
  doi = {http://doi.acm.org/10.1145/635506.605408},
  publisher = {ACM},
  address = {New York, NY, USA},
}

@article{vehicletracking,
  author = {Sharp, C. and Schaffert, S. and Woo, A. and Sastry, N. and Karlof, C. and Sastry, S. and Culler, D.},
  journal = {Wireless Sensor Networks, 2005. Proceeedings of the Second European Workshop on},
  key = {vehicletracking},
  keywords = {sensor},
  pages = {93--107},
  posted-at = {2006-02-20 01:11:45},
  priority = {2},
  title = {Design and implementation of a sensor network system for vehicle tracking and autonomous interception},
  url = {http://ieeexplore.ieee.org/xpls/abs_all.jsp?arnumber=1462002},
  year = {2005}
}

@inproceedings{military,
  author = {He, Tian and Krishnamurthy, Sudha and Stankovic, John A. and Abdelzaher, Tarek and Luo, Liqian and Stoleru, Radu and Yan, Ting and Gu, Lin and Hui, Jonathan and Krogh, Bruce},
  title = {Energy-efficient surveillance system using wireless sensor networks},
  booktitle = {Proc. of ACM MobiSys},
  year = {2004},
  isbn = {1-58113-793-1},
  pages = {270--283},
  doi = {http://doi.acm.org/10.1145/990064.990096},
}

@inproceedings{underwater,
  author = {Benmohamed, L. and Chimento, P. and Doshi, B. and Henrick, B. and Wang, I. J.},
  booktitle = {Proc. of Military Communications Conference (MILCOM)},
  doi = {10.1109/MILCOM.2006.302156},
  keywords = {application, eec284, network, sensor, underwater},
  pages = {1--7},
  posted-at = {2008-02-09 20:26:44},
  priority = {5},
  title = {Sensor Network Design for Underwater Surveillance},
  url = {http://dx.doi.org/10.1109/MILCOM.2006.302156},
  year = {2006}
}

@misc{underwater-gatech,
  key = "underwater-gatech",
  title = "Underwater Acoustic Sensor Networks",
  note = {\url{http://www.ece.gatech.edu/research/labs/bwn/UWASN/}},
}
@misc{volcano,
  key = "volcano",
  title = "Volcano Monitoring, Harvard Sensor Networks Lab",
  note = {\url{http://fiji.eecs.harvard.edu/Volcano}},
}

@inproceedings{robot-localization1,
  author = {Fox, Dieter and Burgard, Wolfram and Dellaert, Frank and Thrun, Sebastian},
  booktitle = {AAAI/{IAAI}},
  citeulike-article-id = {347143},
  citeulike-linkout-0 = {http://citeseerx.ist.psu.edu/viewdoc/summary?doi=10.1.1.55.9389},
  keywords = {ee520, monte-carlo, tracking},
  pages = {343--349},
  posted-at = {2005-10-10 20:15:03},
  priority = {2},
  title = {Monte Carlo Localization: Efficient Position Estimation for Mobile Robots},
  url = {http://citeseerx.ist.psu.edu/viewdoc/summary?doi=10.1.1.55.9389},
  year = {1999}
}

@Article{robot-localization2,
 AUTHOR  = {Fox, D. and Burgard, W. and  Thrun, S.},
 TITLE   = {Markov Localization for Mobile Robots in Dynamic Environments},
 JOURNAL = {Journal of Artificial Intelligence Research},
 VOLUME  = {11},
 YEAR    = {1999}
}

@article{robot-localization3,
  author = {Wolf, Denis F. and Sukhatme, Gaurav S.},
  title = {Mobile Robot Simultaneous Localization and Mapping in Dynamic Environments},
  journal = {Auton. Robots},
  volume = {19},
  number = {1},
  year = {2005},
  issn = {0929-5593},
  pages = {53--65},
  doi = {http://dx.doi.org/10.1007/s10514-005-0606-4},
  publisher = {Kluwer Academic Publishers},
  address = {Hingham, MA, USA},
}

@misc{robot-localization4,
  author = "M. Betke and K. Gurvits",
  title = "Mobile robot localization using landmarks",
  text = "M. Betke and K. Gurvits. Mobile robot localization using landmarks. In
          Proceedings of the IEEE International Conference on Robotics and Automation,
          volume 2, pages 135--142, May 1994.",
  year = "1994",
  url = "citeseer.ist.psu.edu/betke94mobile.html" 
}

@ARTICLE{wireless-survey,
    author = {I. F. Akyildiz and W. Su and Y. Sankarasubramaniam and E. Cayirci},
    title = {Wireless sensor networks: a survey},
    journal = {Computer Networks},
    year = {2002},
    volume = {38},
    pages = {393--422}
}
@misc{other-sensors,
  key = "other-sensors",
  title = "Advanced Network Technologies Division, Wireless Ad Hoc Networks",
  note = {\url{http://w3.antd.nist.gov/wahn\_ssn.shtml}},
}

@inproceedings{habitat-monitoring-1,
  author = {Mainwaring, Alan and Culler, David and Polastre, Joseph and Szewczyk, Robert and Anderson, John},
  title = {Wireless sensor networks for habitat monitoring},
  booktitle = {WSNA '02: Proceedings of the 1st ACM international workshop on Wireless sensor networks and applications},
  year = {2002},
  isbn = {1-58113-589-0},
  pages = {88--97},
  location = {Atlanta, Georgia, USA},
  doi = {http://doi.acm.org/10.1145/570738.570751},
  publisher = {ACM},
  address = {New York, NY, USA},
 }


@article{habitat-monitoring-2,
  author = {Szewczyk, Robert and Osterweil, Eric and Polastre, Joseph and Hamilton, Michael and Mainwaring, Alan and Estrin, Deborah},
  title = {Habitat monitoring with sensor networks},
  journal = {Commun. ACM},
  volume = {47},
  number = {6},
  year = {2004},
  issn = {0001-0782},
  pages = {34--40},
  doi = {http://doi.acm.org/10.1145/990680.990704},
  publisher = {ACM},
  address = {New York, NY, USA},
 }

@article{environmental,
  author = {Kirk Martinez and Jane K. Hart and Royan Ong},
  title = {Environmental Sensor Networks},
  journal ={Computer},
  volume = {37},
  issn = {0018-9162},
  year = {2004},
  pages = {50-56},
  doi = {http://doi.ieeecomputersociety.org/10.1109/MC.2004.91},
  publisher = {IEEE Computer Society},
  address = {Los Alamitos, CA, USA},
}
